symbol,qty,side,price,time
AAPL,1,sell,,2024-05-17 13:56:22.306398384+00:00
AAPL,1,sell,,2024-05-17 13:56:22.618745844+00:00
AAPL,1,sell,,2024-05-17 13:57:21.335573878+00:00
AAPL,1,sell,,2024-05-17 13:57:22.170527202+00:00
AAPL,1,sell,,2024-05-17 13:58:21.338423179+00:00
AAPL,1,sell,,2024-05-17 13:58:22.158449705+00:00
AAPL,1,sell,190.4,2024-05-17 14:00:12.077926864+00:00
AAPL,1,sell,190.4,2024-05-17 14:00:12.016440638+00:00
AAPL,1,sell,190.44,2024-05-17 14:01:11.736872672+00:00
AAPL,1,sell,190.44,2024-05-17 14:01:12.122808295+00:00
AAPL,1,sell,190.39,2024-05-17 14:02:11.669088470+00:00
AAPL,1,sell,190.42,2024-05-17 14:02:12.169075225+00:00
AAPL,1,sell,190.32,2024-05-17 14:03:11.030334328+00:00
AAPL,1,sell,190.34,2024-05-17 14:03:12.288866151+00:00
AAPL,1,sell,190.36,2024-05-17 14:04:11.350742809+00:00
AAPL,1,sell,190.36,2024-05-17 14:04:12.062148250+00:00
AAPL,1,sell,,2024-05-17 14:06:46.662622808+00:00
AAPL,1,sell,,2024-05-17 14:06:46.792229671+00:00
AAPL,1,sell,,2024-05-17 14:07:45.827059986+00:00
AAPL,1,sell,,2024-05-17 14:07:46.656228410+00:00
AAPL,1,sell,190.22,2024-05-17 14:09:12.096497495+00:00
AAPL,1,sell,190.21,2024-05-17 14:09:14.115582296+00:00
AAPL,1,sell,190.2,2024-05-17 14:10:12.232139149+00:00
AAPL,1,sell,190.21,2024-05-17 14:10:12.851931567+00:00
AAPL,1,sell,190.09,2024-05-17 14:16:32.375078378+00:00
AAPL,1,sell,190.09,2024-05-17 14:16:33.856020035+00:00
AAPL,1,sell,190.09,2024-05-17 14:17:32.099407010+00:00
AAPL,1,sell,190.09,2024-05-17 14:17:33.220157423+00:00
AAPL,1,sell,190.08,2024-05-17 14:20:11.692443371+00:00
AAPL,1,sell,190.09,2024-05-17 14:20:12.954351814+00:00
AAPL,1,sell,190.05,2024-05-17 14:21:11.933614548+00:00
AAPL,1,sell,190.05,2024-05-17 14:21:12.590127713+00:00
AAPL,1,sell,190.16,2024-05-17 14:22:42.625557820+00:00
AAPL,1,sell,190.16,2024-05-17 14:22:43.186160661+00:00
AAPL,1,sell,190.13,2024-05-17 14:23:41.744751233+00:00
AAPL,1,sell,190.13,2024-05-17 14:23:43.472275184+00:00
AAPL,1,sell,190.14,2024-05-17 14:24:41.531212988+00:00
AAPL,1,sell,190.14,2024-05-17 14:24:42.908769422+00:00
AAPL,1,sell,190.1,2024-05-17 14:25:42.005273878+00:00
AAPL,1,sell,190.11,2024-05-17 14:25:43.077649194+00:00
AAPL,1,sell,190.2,2024-05-17 14:26:42.002132041+00:00
AAPL,1,sell,190.2,2024-05-17 14:26:42.800579835+00:00
AAPL,1,sell,190.19,2024-05-17 14:28:17.688958197+00:00,100007.93
AAPL,1,sell,190.19,2024-05-17 14:28:18.544781508+00:00,100007.92
AAPL,1,sell,190.13,2024-05-17 14:29:16.348868182+00:00,100012.72
AAPL,1,sell,190.13,2024-05-17 14:29:17.686566520+00:00,100012.71
AAPL,1,sell,190.17,2024-05-17 14:30:17.143890330+00:00,100009.42
AAPL,1,sell,190.17,2024-05-17 14:30:17.585315259+00:00,100009.01
AAPL,1,sell,190.15,2024-05-17 14:31:16.559084003+00:00,100011.1
AAPL,1,sell,190.15,2024-05-17 14:31:17.655447607+00:00,100010.66
AAPL,1,sell,190.21,2024-05-17 14:32:17.113623267+00:00,100006.35
AAPL,1,sell,190.2,2024-05-17 14:32:17.406536407+00:00,100006.34
AAPL,1,sell,190.26,2024-05-17 14:33:16.819058430+00:00,100001.18
AAPL,1,sell,190.26,2024-05-17 14:33:17.626245444+00:00,100001.18
AAPL,1,sell,190.26,2024-05-17 14:34:16.939397814+00:00,100000.12
AAPL,1,sell,190.27,2024-05-17 14:34:17.820872213+00:00,100000.44
AAPL,1,sell,190.26,2024-05-17 14:35:16.733766161+00:00,100001.01
AAPL,1,sell,190.26,2024-05-17 14:35:17.975495385+00:00,100002.41
AAPL,1,sell,190.2,2024-05-17 14:36:16.524338398+00:00,100007.11
AAPL,1,sell,190.2,2024-05-17 14:36:17.475804762+00:00,100007.1
AAPL,1,sell,190.16,2024-05-17 14:37:16.907756374+00:00,100010.45
AAPL,1,sell,190.16,2024-05-17 14:37:17.272244558+00:00,100010.93
AAPL,1,sell,190.13,2024-05-17 14:38:16.893705737+00:00,100013.36
AAPL,1,sell,190.13,2024-05-17 14:38:17.834088362+00:00,100013.35
AAPL,1,sell,190.09,2024-05-17 14:39:16.724838901+00:00,100017.85
AAPL,1,sell,190.09,2024-05-17 14:39:17.645431928+00:00,100017.84
AAPL,1,sell,190.05,2024-05-17 14:40:16.420654515+00:00,100021.92
AAPL,1,sell,190.05,2024-05-17 14:40:17.560446986+00:00,100021.91
AAPL,1,sell,189.93,2024-05-17 14:41:17.469810535+00:00,100034.01
AAPL,1,sell,189.93,2024-05-17 14:41:18.253330590+00:00,100033.31
AAPL,1,sell,189.94,2024-05-17 14:42:16.664372123+00:00,100033.83
AAPL,1,sell,189.94,2024-05-17 14:42:17.469600667+00:00,100033.3
AAPL,1,sell,189.92,2024-05-17 14:43:16.411961052+00:00,100035.46
AAPL,1,sell,189.92,2024-05-17 14:43:17.664491096+00:00,100034.35
AAPL,1,sell,189.92,2024-05-17 14:44:16.866480142+00:00,100035.45
AAPL,1,sell,189.92,2024-05-17 14:44:17.354387398+00:00,100034.87
AAPL,1,sell,189.94,2024-05-17 14:45:16.537710087+00:00,100033.32
AAPL,1,sell,189.94,2024-05-17 14:45:17.512962109+00:00,100033.18
AAPL,1,sell,189.93,2024-05-17 14:46:17.346975823+00:00,100033.74
AAPL,1,sell,189.93,2024-05-17 14:46:17.929678483+00:00,100033.73
AAPL,1,sell,189.9,2024-05-17 14:47:16.618620657+00:00,100038.03
AAPL,1,sell,189.9,2024-05-17 14:47:17.482793827+00:00,100038.03
AAPL,1,sell,189.97,2024-05-17 14:48:16.734768592+00:00,100029.51
AAPL,1,sell,189.97,2024-05-17 14:48:17.727900483+00:00,100029.5
AAPL,1,sell,190.0,2024-05-17 14:49:16.967343788+00:00,100025.3
AAPL,1,sell,190.0,2024-05-17 14:49:17.400180848+00:00,100025.29
AAPL,1,sell,189.99,2024-05-17 14:50:16.664604691+00:00,100026.79
AAPL,1,sell,189.99,2024-05-17 14:50:17.514497872+00:00,100026.79
AAPL,1,sell,189.94,2024-05-17 14:51:16.724951800+00:00,100033.29
AAPL,1,sell,189.94,2024-05-17 14:51:17.468133609+00:00,100033.28
AAPL,1,sell,189.99,2024-05-17 14:52:16.989209954+00:00,100027.61
AAPL,1,sell,189.99,2024-05-17 14:52:17.744368342+00:00,100027.61
AAPL,1,sell,189.98,2024-05-17 14:53:16.827377488+00:00,100027.6
AAPL,1,sell,189.99,2024-05-17 14:53:17.881362795+00:00,100027.6
AAPL,1,sell,189.99,2024-05-17 14:54:16.459515046+00:00,100027.6
AAPL,1,sell,189.99,2024-05-17 14:54:17.714672329+00:00,100026.28
AAPL,1,sell,189.87,2024-05-17 14:55:16.649505955+00:00,100042.1
AAPL,1,sell,189.86,2024-05-17 14:55:17.578890420+00:00,100044.75
AAPL,1,sell,189.89,2024-05-17 14:56:16.793230487+00:00,100040.74
AAPL,1,sell,189.89,2024-05-17 14:56:17.318243421+00:00,100040.06
AAPL,1,sell,189.97,2024-05-17 14:57:17.084369469+00:00,100029.31
AAPL,1,sell,189.97,2024-05-17 14:57:17.683930718+00:00,100029.85
AAPL,1,sell,189.94,2024-05-17 14:58:16.718385876+00:00,100035.37
AAPL,1,sell,189.91,2024-05-17 14:58:17.479006554+00:00,100036.75
AAPL,1,sell,189.96,2024-05-17 14:59:16.418950529+00:00,100030.59
AAPL,1,sell,189.96,2024-05-17 14:59:17.994179690+00:00,100030.34
AAPL,1,sell,189.94,2024-05-17 15:00:16.799826914+00:00,100033.28
AAPL,1,sell,189.94,2024-05-17 15:00:17.998096501+00:00,100033.15
AAPL,1,sell,189.93,2024-05-17 15:01:16.726311301+00:00,100035.41
AAPL,1,sell,189.93,2024-05-17 15:01:17.532966625+00:00,100035.41
AAPL,1,sell,189.92,2024-05-17 15:02:17.003258823+00:00,100036.88
AAPL,1,sell,189.91,2024-05-17 15:02:17.396317036+00:00,100039.83
AAPL,1,sell,189.88,2024-05-17 15:03:17.111327527+00:00,100043.54
AAPL,1,sell,189.87,2024-05-17 15:03:17.813558379+00:00,100043.53
AAPL,1,sell,189.85,2024-05-17 15:04:16.776796622+00:00,100045.97
AAPL,1,sell,189.85,2024-05-17 15:04:17.859489118+00:00,100045.95
AAPL,1,sell,189.82,2024-05-17 15:05:16.805401313+00:00,100051.07
AAPL,1,sell,189.82,2024-05-17 15:05:17.697117681+00:00,100048.75
AAPL,1,sell,189.92,2024-05-17 15:06:16.524855354+00:00,100037.98
AAPL,1,sell,189.91,2024-05-17 15:06:17.748305049+00:00,100037.98
AAPL,1,sell,189.93,2024-05-17 15:07:16.993452693+00:00,100034.08
AAPL,1,sell,189.93,2024-05-17 15:07:17.334862719+00:00,100034.06
AAPL,1,sell,189.96,2024-05-17 15:08:16.937065139+00:00,100031.7
AAPL,1,sell,189.95,2024-05-17 15:08:17.841861016+00:00,100030.1
AAPL,1,sell,189.91,2024-05-17 15:09:16.657744630+00:00,100037.3
AAPL,1,sell,189.91,2024-05-17 15:09:17.380581890+00:00,100037.29
AAPL,1,sell,189.91,2024-05-17 15:10:16.452583656+00:00,100037.29
AAPL,1,sell,189.91,2024-05-17 15:10:17.823541881+00:00,100038.1
AAPL,1,sell,189.91,2024-05-17 15:11:16.466418287+00:00,100037.27
AAPL,1,sell,189.91,2024-05-17 15:11:18.019760889+00:00,100036.43
AAPL,1,sell,189.88,2024-05-17 15:12:16.922576467+00:00,100042.23
AAPL,1,sell,189.88,2024-05-17 15:12:17.228352296+00:00,100042.23
AAPL,1,sell,189.88,2024-05-17 15:13:16.643514268+00:00,100039.69
AAPL,1,sell,189.88,2024-05-17 15:13:17.736708212+00:00,100043.05
AAPL,1,sell,189.91,2024-05-17 15:14:16.759311371+00:00,100036.71
AAPL,1,sell,189.91,2024-05-17 15:14:18.163438184+00:00,100036.7
AAPL,1,sell,189.92,2024-05-17 15:15:16.872775816+00:00,100035.17
AAPL,1,sell,189.92,2024-05-17 15:15:17.550949749+00:00,100035.16
AAPL,1,sell,189.95,2024-05-17 15:16:16.870361020+00:00,100031.02
AAPL,1,sell,189.94,2024-05-17 15:16:18.101233034+00:00,100031.01
AAPL,1,sell,189.92,2024-05-17 15:17:16.706304195+00:00,100036.29
AAPL,1,sell,189.92,2024-05-17 15:17:17.464882002+00:00,100036.28
AAPL,1,sell,189.92,2024-05-17 15:18:16.903024264+00:00,100034.7
AAPL,1,sell,189.92,2024-05-17 15:18:17.525954871+00:00,100035.38
AAPL,1,sell,189.93,2024-05-17 15:19:16.561693942+00:00,100033.18
AAPL,1,sell,189.93,2024-05-17 15:19:17.516102676+00:00,100033.17
AAPL,1,sell,189.85,2024-05-17 15:20:16.416419095+00:00,100049.04
AAPL,1,sell,189.84,2024-05-17 15:20:17.895366403+00:00,100048.11
AAPL,1,sell,189.76,2024-05-17 15:21:16.772261083+00:00,100063.75
AAPL,1,sell,189.76,2024-05-17 15:21:17.573077998+00:00,100063.74
AAPL,1,sell,189.72,2024-05-17 15:22:16.402979981+00:00,100072.53
AAPL,1,sell,189.72,2024-05-17 15:22:17.753764108+00:00,100071.18
AAPL,1,sell,189.74,2024-05-17 15:23:17.024932532+00:00,100069.09
AAPL,1,sell,189.74,2024-05-17 15:23:17.515103058+00:00,100068.31
AAPL,1,sell,189.78,2024-05-17 15:24:17.156152602+00:00,100059.75
AAPL,1,sell,189.78,2024-05-17 15:24:17.365155918+00:00,100061.23
AAPL,1,sell,189.81,2024-05-17 15:25:16.717309796+00:00,100053.96
AAPL,1,sell,189.81,2024-05-17 15:25:17.416237608+00:00,100055.89
AAPL,1,sell,189.82,2024-05-17 15:26:16.501225525+00:00,100053.95
AAPL,1,sell,189.83,2024-05-17 15:26:17.517718075+00:00,100052.0
AAPL,1,sell,189.83,2024-05-17 15:27:16.596804562+00:00,100051.02
AAPL,1,sell,189.83,2024-05-17 15:27:17.668055628+00:00,100050.01
AAPL,1,sell,189.76,2024-05-17 15:28:17.160631756+00:00,100063.86
AAPL,1,sell,189.76,2024-05-17 15:28:17.597253296+00:00,100064.85
AAPL,1,sell,189.69,2024-05-17 15:29:17.072985586+00:00,100078.85
AAPL,1,sell,189.69,2024-05-17 15:29:17.385817095+00:00,100078.84
AAPL,1,sell,189.68,2024-05-17 15:30:16.757885652+00:00,100080.86
AAPL,1,sell,189.68,2024-05-17 15:30:17.951740019+00:00,100080.84
AAPL,1,sell,189.67,2024-05-17 15:31:16.909747325+00:00,100082.88
AAPL,1,sell,189.67,2024-05-17 15:31:17.426179719+00:00,100082.87
AAPL,1,sell,189.65,2024-05-17 15:32:16.438759422+00:00,100086.98
AAPL,1,sell,189.66,2024-05-17 15:32:17.780007950+00:00,100085.94
AAPL,1,sell,189.69,2024-05-17 15:33:16.471555958+00:00,100078.66
AAPL,1,sell,189.67,2024-05-17 15:33:18.023405671+00:00,100083.88
AAPL,1,sell,189.63,2024-05-17 15:34:16.775584255+00:00,100090.16
AAPL,1,sell,189.58,2024-05-17 15:34:17.922982976+00:00,100100.7
AAPL,1,sell,189.59,2024-05-17 15:35:16.442131476+00:00,100099.64
AAPL,1,sell,189.6,2024-05-17 15:35:18.080261962+00:00,100098.08
AAPL,1,sell,189.56,2024-05-17 15:36:16.684744247+00:00,100106.06
AAPL,1,sell,189.56,2024-05-17 15:36:18.033934474+00:00,100106.05
AAPL,1,sell,189.57,2024-05-17 15:37:16.846440554+00:00,100107.14
AAPL,1,sell,189.57,2024-05-17 15:37:17.524480497+00:00,100100.62
AAPL,1,sell,189.61,2024-05-17 15:38:16.681402443+00:00,100094.12
AAPL,1,sell,189.61,2024-05-17 15:38:17.782765707+00:00,100094.04
AAPL,1,sell,189.57,2024-05-17 15:39:16.649562554+00:00,100102.83
AAPL,1,sell,189.57,2024-05-17 15:39:18.008956440+00:00,100103.93
AAPL,1,sell,189.56,2024-05-17 15:40:17.026296356+00:00,100105.05
AAPL,1,sell,189.56,2024-05-17 15:40:17.458514666+00:00,100106.13
AAPL,1,sell,189.64,2024-05-17 15:41:17.016916214+00:00,100089.33
AAPL,1,sell,189.63,2024-05-17 15:41:17.873215895+00:00,100089.32
AAPL,1,sell,189.56,2024-05-17 15:42:16.628352708+00:00,100105.52
AAPL,1,sell,189.56,2024-05-17 15:42:17.390943606+00:00,100105.12
AAPL,1,sell,189.54,2024-05-17 15:43:16.593747248+00:00,100110.82
AAPL,1,sell,189.54,2024-05-17 15:43:17.265157222+00:00,100110.05
AAPL,1,sell,189.57,2024-05-17 15:44:16.342218860+00:00,100103.9
AAPL,1,sell,189.57,2024-05-17 15:44:17.690582367+00:00,100103.89
AAPL,1,sell,189.58,2024-05-17 15:45:17.959058017+00:00,100101.38
AAPL,1,sell,189.58,2024-05-17 15:45:18.511630359+00:00,100101.37
AAPL,1,sell,189.6,2024-05-17 15:46:17.550175203+00:00,100098.05
AAPL,1,sell,189.6,2024-05-17 15:46:18.679533105+00:00,100095.86
AAPL,1,sell,189.51,2024-05-17 15:47:17.529916553+00:00,100116.91
AAPL,1,sell,189.51,2024-05-17 15:47:18.900191118+00:00,100116.9
AAPL,1,sell,189.53,2024-05-17 15:48:17.849207240+00:00,100113.33
AAPL,1,sell,189.53,2024-05-17 15:48:18.700955441+00:00,100113.32
AAPL,1,sell,189.54,2024-05-17 15:49:17.774091722+00:00,100110.92
AAPL,1,sell,189.54,2024-05-17 15:49:18.728737015+00:00,100110.91
AAPL,1,sell,189.48,2024-05-17 15:50:17.904916066+00:00,100120.57
AAPL,1,sell,189.5,2024-05-17 15:50:18.496531005+00:00,100120.55
AAPL,1,sell,189.57,2024-05-17 15:51:17.631596738+00:00,100102.24
AAPL,1,sell,189.57,2024-05-17 15:51:18.801869697+00:00,100103.46
AAPL,1,sell,189.56,2024-05-17 15:52:17.993531176+00:00,100104.95
AAPL,1,sell,189.56,2024-05-17 15:52:18.552042297+00:00,100104.94
AAPL,1,sell,189.55,2024-05-17 15:53:18.255564681+00:00,100108.39
AAPL,1,sell,189.55,2024-05-17 15:53:18.849088480+00:00,100108.38
AAPL,1,sell,189.59,2024-05-17 15:54:18.142315622+00:00,100098.37
AAPL,1,sell,189.59,2024-05-17 15:54:18.584480721+00:00,100098.36
AAPL,1,sell,189.59,2024-05-17 15:55:18.167337003+00:00,100099.16
AAPL,1,sell,189.59,2024-05-17 15:55:18.717536585+00:00,100097.08
AAPL,1,sell,189.58,2024-05-17 15:56:17.541372190+00:00,100099.61
AAPL,1,sell,189.58,2024-05-17 15:56:18.886512916+00:00,100100.88
AAPL,1,sell,189.62,2024-05-17 15:57:17.503048416+00:00,100090.63
AAPL,1,sell,189.62,2024-05-17 15:57:18.892985269+00:00,100091.88
AAPL,1,sell,189.57,2024-05-17 15:58:18.259014046+00:00,100104.81
AAPL,1,sell,189.57,2024-05-17 15:58:18.656919068+00:00,100104.81
AAPL,1,sell,189.56,2024-05-17 15:59:18.441422087+00:00,100106.11
AAPL,1,sell,189.56,2024-05-17 15:59:19.209064833+00:00,100104.79
AAPL,1,sell,189.6,2024-05-17 16:00:18.186653897+00:00,100096.93
AAPL,1,sell,189.6,2024-05-17 16:00:19.048502067+00:00,100096.92
AAPL,1,sell,189.58,2024-05-17 16:01:17.863296163+00:00,100100.88
AAPL,1,sell,189.59,2024-05-17 16:01:18.666770537+00:00,100096.94
AAPL,1,sell,189.64,2024-05-17 16:02:18.184750093+00:00,100084.09
AAPL,1,sell,189.64,2024-05-17 16:02:18.673908699+00:00,100084.08
AAPL,1,sell,189.64,2024-05-17 16:03:18.056298035+00:00,100084.91
AAPL,1,sell,189.64,2024-05-17 16:03:18.879711787+00:00,100084.89
AAPL,1,sell,189.69,2024-05-17 16:04:17.735401156+00:00,100071.66
AAPL,1,sell,189.69,2024-05-17 16:04:18.520507151+00:00,100070.48
AAPL,1,sell,189.64,2024-05-17 16:05:18.146397051+00:00,100080.88
AAPL,1,sell,189.64,2024-05-17 16:05:18.574313841+00:00,100080.86
AAPL,1,sell,189.62,2024-05-17 16:06:17.927528139+00:00,100089.46
AAPL,1,sell,189.62,2024-05-17 16:06:18.302293453+00:00,100089.44
AAPL,1,sell,189.63,2024-05-17 16:07:17.880017473+00:00,100086.27
AAPL,1,sell,189.63,2024-05-17 16:07:18.535607287+00:00,100086.26
AAPL,1,sell,189.6,2024-05-17 16:08:17.644675218+00:00,100093.2
AAPL,1,sell,189.6,2024-05-17 16:08:18.991199755+00:00,100097.38
AAPL,1,sell,189.64,2024-05-17 16:09:17.498975929+00:00,100083.37
AAPL,1,sell,189.64,2024-05-17 16:09:18.962227537+00:00,100083.36
AAPL,1,sell,189.68,2024-05-17 16:10:17.687920426+00:00,100074.89
AAPL,1,sell,189.69,2024-05-17 16:10:19.097361008+00:00,100070.64
AAPL,1,sell,189.71,2024-05-17 16:11:17.775529660+00:00,100063.62
AAPL,1,sell,189.71,2024-05-17 16:11:18.924441740+00:00,100063.61
AAPL,1,sell,189.7,2024-05-17 16:12:17.634835159+00:00,100069.24
AAPL,1,sell,189.7,2024-05-17 16:12:18.591913812+00:00,100072.12
AAPL,1,sell,189.69,2024-05-17 16:13:17.744032711+00:00,100069.26
AAPL,1,sell,189.69,2024-05-17 16:13:19.007854613+00:00,100070.66
AAPL,1,sell,189.67,2024-05-17 16:14:18.087951187+00:00,100075.0
AAPL,1,sell,189.67,2024-05-17 16:14:18.936386068+00:00,100074.99
AAPL,1,sell,189.75,2024-05-17 16:15:17.902959389+00:00,100053.09
AAPL,1,sell,189.75,2024-05-17 16:15:18.885099791+00:00,100053.08
AAPL,1,sell,189.74,2024-05-17 16:16:18.073705656+00:00,100054.54
AAPL,1,sell,189.73,2024-05-17 16:16:18.684686994+00:00,100056.36
AAPL,1,sell,189.75,2024-05-17 16:17:17.784792366+00:00,100048.57
AAPL,1,sell,189.78,2024-05-17 16:17:18.407220153+00:00,100042.62
AAPL,1,sell,189.79,2024-05-17 16:18:18.092792144+00:00,100051.59
AAPL,1,sell,189.75,2024-05-17 16:18:18.894218909+00:00,100051.58
AAPL,1,sell,189.76,2024-05-17 16:19:17.382251103+00:00,100048.57
AAPL,1,sell,189.74,2024-05-17 16:19:18.938640795+00:00,100056.09
AAPL,1,sell,189.73,2024-05-17 16:20:17.962668973+00:00,100059.1
AAPL,1,sell,189.73,2024-05-17 16:20:18.774856316+00:00,100059.09
AAPL,1,sell,189.68,2024-05-17 16:21:17.972590901+00:00,100074.62
AAPL,1,sell,189.68,2024-05-17 16:21:18.588981788+00:00,100072.75
AAPL,1,sell,189.61,2024-05-17 16:22:17.770273584+00:00,100095.7
AAPL,1,sell,189.61,2024-05-17 16:22:18.991992939+00:00,100095.69
AAPL,1,sell,189.57,2024-05-17 16:23:17.865200056+00:00,100107.7
AAPL,1,sell,189.57,2024-05-17 16:23:18.336423633+00:00,100106.44
AAPL,1,sell,189.62,2024-05-17 16:24:17.559227352+00:00,100092.49
AAPL,1,sell,189.62,2024-05-17 16:24:18.694567063+00:00,100092.48
AAPL,1,sell,189.65,2024-05-17 16:25:18.231840725+00:00,100081.55
AAPL,1,sell,189.66,2024-05-17 16:25:18.740231059+00:00,100078.41
AAPL,1,sell,189.64,2024-05-17 16:26:17.898964498+00:00,100086.66
AAPL,1,sell,189.64,2024-05-17 16:26:18.395217303+00:00,100086.27
AAPL,1,sell,189.75,2024-05-17 16:27:18.007059320+00:00,100049.89
AAPL,1,sell,189.75,2024-05-17 16:27:18.472495258+00:00,100049.88
AAPL,1,sell,189.75,2024-05-17 16:28:18.790956966+00:00,100053.06
AAPL,1,sell,189.75,2024-05-17 16:28:19.148645351+00:00,100053.06
AAPL,1,sell,189.77,2024-05-17 16:29:18.174010259+00:00,100045.06
AAPL,1,sell,189.77,2024-05-17 16:29:18.654309696+00:00,100045.05
AAPL,1,sell,189.83,2024-05-17 16:30:17.869306690+00:00,100027.3
AAPL,1,sell,189.83,2024-05-17 16:30:18.773544937+00:00,100025.71
AAPL,1,sell,189.82,2024-05-17 16:31:17.901408077+00:00,100028.95
AAPL,1,sell,189.82,2024-05-17 16:31:19.054933417+00:00,100029.76
AAPL,1,sell,189.76,2024-05-17 16:32:17.635077395+00:00,100050.13
AAPL,1,sell,189.76,2024-05-17 16:32:18.491237166+00:00,100048.49
AAPL,1,sell,189.78,2024-05-17 16:33:17.488438785+00:00,100040.28
AAPL,1,sell,189.78,2024-05-17 16:33:18.864393889+00:00,100040.26
AAPL,1,sell,189.82,2024-05-17 16:34:17.837259530+00:00,100027.05
AAPL,1,sell,189.82,2024-05-17 16:34:18.891781897+00:00,100027.07
AAPL,1,sell,189.87,2024-05-17 16:35:17.680482461+00:00,100013.73
AAPL,1,sell,189.87,2024-05-17 16:35:18.897653756+00:00,100010.42
AAPL,1,sell,189.89,2024-05-17 16:36:18.084639162+00:00,100005.41
AAPL,1,sell,189.89,2024-05-17 16:36:18.619065365+00:00,100005.39
AAPL,1,sell,189.9,2024-05-17 16:37:17.832566029+00:00,100000.37
AAPL,1,sell,189.9,2024-05-17 16:37:19.036598365+00:00,100000.36
AAPL,1,sell,189.91,2024-05-17 16:38:17.754551414+00:00,99993.55
AAPL,1,sell,189.92,2024-05-17 16:38:18.906931484+00:00,99993.54
AAPL,1,sell,189.89,2024-05-17 16:39:17.652045071+00:00,100003.73
AAPL,1,sell,189.89,2024-05-17 16:39:18.464510385+00:00,100003.72
AAPL,1,sell,189.87,2024-05-17 16:40:17.701199707+00:00,100013.97
AAPL,1,sell,189.86,2024-05-17 16:40:18.912001103+00:00,100013.96
AAPL,1,sell,189.85,2024-05-17 16:41:18.042619996+00:00,100017.41
AAPL,1,sell,189.85,2024-05-17 16:41:18.542806552+00:00,100020.52
AAPL,1,sell,189.87,2024-05-17 16:42:18.140147425+00:00,100013.91
AAPL,1,sell,189.86,2024-05-17 16:42:18.751984893+00:00,100013.9
AAPL,1,sell,189.8,2024-05-17 16:43:17.967893273+00:00,100036.51
AAPL,1,sell,189.8,2024-05-17 16:43:18.705470642+00:00,100036.5
AAPL,1,sell,189.79,2024-05-17 16:44:17.804834349+00:00,100040.0
AAPL,1,sell,189.79,2024-05-17 16:44:19.302932145+00:00,100038.27
AAPL,1,sell,189.66,2024-05-17 16:45:18.013415551+00:00,100083.98
AAPL,1,sell,189.67,2024-05-17 16:45:18.765513878+00:00,100083.98
AAPL,1,sell,189.74,2024-05-17 16:46:17.916775553+00:00,100058.14
AAPL,1,sell,189.74,2024-05-17 16:46:18.885917286+00:00,100058.12
AAPL,1,sell,189.83,2024-05-17 16:47:17.816151196+00:00,100023.58
AAPL,1,sell,189.82,2024-05-17 16:47:19.120279776+00:00,100027.14
AAPL,1,sell,189.81,2024-05-17 16:48:17.466617687+00:00,100030.75
AAPL,1,sell,189.81,2024-05-17 16:48:19.126352222+00:00,100030.74
AAPL,1,sell,189.83,2024-05-17 16:49:17.922282181+00:00,100027.1
AAPL,1,sell,189.83,2024-05-17 16:49:18.801398691+00:00,100027.1
AAPL,1,sell,189.9,2024-05-17 16:50:17.871707972+00:00,100005.38
AAPL,1,sell,189.9,2024-05-17 16:50:18.695422465+00:00,100001.75
AAPL,1,sell,189.92,2024-05-17 16:51:17.948560403+00:00,99990.82
AAPL,1,sell,189.92,2024-05-17 16:51:18.389859962+00:00,99990.81
AAPL,1,sell,189.92,2024-05-17 16:52:17.499559520+00:00,99990.84
AAPL,1,sell,189.91,2024-05-17 16:52:18.706597486+00:00,99994.46
AAPL,1,sell,189.9,2024-05-17 16:53:17.752653459+00:00,100001.81
AAPL,1,sell,189.89,2024-05-17 16:53:18.866579762+00:00,100001.8
AAPL,1,sell,189.92,2024-05-17 16:54:17.964268490+00:00,99990.69
AAPL,1,sell,189.93,2024-05-17 16:54:18.595163666+00:00,99990.69
AAPL,1,sell,189.95,2024-05-17 16:55:18.294780383+00:00,99983.21
AAPL,1,sell,189.95,2024-05-17 16:55:18.566397714+00:00,99980.97
AAPL,1,sell,189.94,2024-05-17 16:56:17.810640801+00:00,99983.24
AAPL,1,sell,189.94,2024-05-17 16:56:18.797852703+00:00,99983.22
AAPL,1,sell,189.89,2024-05-17 16:57:17.473001781+00:00,100002.01
AAPL,1,sell,189.89,2024-05-17 16:57:18.907303052+00:00,100002.0
AAPL,1,sell,189.91,2024-05-17 16:58:17.562042842+00:00,99994.43
AAPL,1,sell,189.91,2024-05-17 16:58:18.204946907+00:00,99994.42
AAPL,1,sell,189.91,2024-05-17 16:59:18.160556152+00:00,99994.83
AAPL,1,sell,189.91,2024-05-17 16:59:18.893836281+00:00,99994.81
AAPL,1,sell,189.91,2024-05-17 17:00:17.857383114+00:00,99994.38
AAPL,1,sell,189.91,2024-05-17 17:00:18.538867957+00:00,99997.83
AAPL,1,sell,189.89,2024-05-17 17:01:17.845702306+00:00,100003.97
AAPL,1,sell,189.89,2024-05-17 17:01:18.568065417+00:00,100003.96
AAPL,1,sell,189.91,2024-05-17 17:02:17.737568265+00:00,99996.24
AAPL,1,sell,189.91,2024-05-17 17:02:19.133731098+00:00,99998.17
AAPL,1,sell,189.93,2024-05-17 17:03:18.153050796+00:00,99990.39
AAPL,1,sell,189.92,2024-05-17 17:03:18.509910371+00:00,99990.39
AAPL,1,sell,189.92,2024-05-17 17:04:17.906226234+00:00,99990.34
AAPL,1,sell,189.92,2024-05-17 17:04:18.751859266+00:00,99990.33
AAPL,1,sell,189.9,2024-05-17 17:05:17.671357913+00:00,100002.13
AAPL,1,sell,189.9,2024-05-17 17:05:18.476877967+00:00,100002.13
AAPL,1,sell,189.87,2024-05-17 17:06:17.798091135+00:00,100011.97
AAPL,1,sell,189.87,2024-05-17 17:06:18.732791891+00:00,100011.96
AAPL,1,sell,189.87,2024-05-17 17:07:17.529815836+00:00,100013.94
AAPL,1,sell,189.86,2024-05-17 17:07:19.104428207+00:00,100013.93
AAPL,1,sell,189.87,2024-05-17 17:08:17.796010990+00:00,100011.94
AAPL,1,sell,189.87,2024-05-17 17:08:18.787760022+00:00,100011.93
AAPL,1,sell,189.87,2024-05-17 17:09:18.141231589+00:00,100011.93
AAPL,1,sell,189.87,2024-05-17 17:09:18.795800863+00:00,100011.91
AAPL,1,sell,189.86,2024-05-17 17:10:17.879407808+00:00,100017.94
AAPL,1,sell,189.86,2024-05-17 17:10:18.558642911+00:00,100015.92
AAPL,1,sell,189.82,2024-05-17 17:11:17.755359898+00:00,100034.1
AAPL,1,sell,189.82,2024-05-17 17:11:18.866266451+00:00,100034.1
AAPL,1,sell,189.8,2024-05-17 17:12:18.098255016+00:00,100038.15
AAPL,1,sell,189.8,2024-05-17 17:12:18.383740827+00:00,100038.14
AAPL,1,sell,189.84,2024-05-17 17:13:17.929391280+00:00,100022.78
AAPL,1,sell,189.84,2024-05-17 17:13:19.061936451+00:00,100025.85
AAPL,1,sell,189.86,2024-05-17 17:14:18.020907234+00:00,100015.63
AAPL,1,sell,189.86,2024-05-17 17:14:18.311514694+00:00,100015.63
AAPL,1,sell,189.86,2024-05-17 17:15:17.746057025+00:00,100017.69
AAPL,1,sell,189.86,2024-05-17 17:15:18.315565586+00:00,100017.68
AAPL,1,sell,189.84,2024-05-17 17:16:17.949967693+00:00,100025.95
AAPL,1,sell,189.83,2024-05-17 17:16:18.367903354+00:00,100025.94
AAPL,1,sell,189.81,2024-05-17 17:17:17.630555447+00:00,100036.34
AAPL,1,sell,189.81,2024-05-17 17:17:19.028985441+00:00,100036.33
AAPL,1,sell,189.81,2024-05-17 17:18:18.267198456+00:00,100036.33
AAPL,1,sell,189.81,2024-05-17 17:18:18.762500732+00:00,100036.32
AAPL,1,sell,189.71,2024-05-17 17:19:18.292230447+00:00,100076.21
AAPL,1,sell,189.72,2024-05-17 17:19:18.897409586+00:00,100076.2
AAPL,1,sell,189.68,2024-05-17 17:20:17.968585882+00:00,100089.91
AAPL,1,sell,189.68,2024-05-17 17:20:18.728218020+00:00,100089.9
AAPL,1,sell,189.6,2024-05-17 17:21:17.687092204+00:00,100127.0
AAPL,1,sell,189.6,2024-05-17 17:21:19.061308710+00:00,100127.0
AAPL,1,sell,189.68,2024-05-17 17:22:17.588349993+00:00,100087.2
AAPL,1,sell,189.67,2024-05-17 17:22:19.079275540+00:00,100092.9
AAPL,1,sell,189.68,2024-05-17 17:23:17.814139687+00:00,100088.61
AAPL,1,sell,189.68,2024-05-17 17:23:18.919972921+00:00,100090.75
AAPL,1,sell,189.72,2024-05-17 17:24:17.830107059+00:00,100075.7
AAPL,1,sell,189.72,2024-05-17 17:24:18.764254525+00:00,100075.7
AAPL,1,sell,189.71,2024-05-17 17:25:17.913995856+00:00,100077.86
AAPL,1,sell,189.71,2024-05-17 17:25:18.791578266+00:00,100077.85
AAPL,1,sell,189.73,2024-05-17 17:26:17.701142944+00:00,100066.98
AAPL,1,sell,189.73,2024-05-17 17:26:18.915259531+00:00,100067.71
AAPL,1,sell,189.75,2024-05-17 17:27:17.737617675+00:00,100058.24
AAPL,1,sell,189.75,2024-05-17 17:27:18.291562207+00:00,100060.42
AAPL,1,sell,189.7,2024-05-17 17:28:18.345120366+00:00,100080.51
AAPL,1,sell,189.7,2024-05-17 17:28:18.432368710+00:00,100080.51
AAPL,1,sell,189.67,2024-05-17 17:29:18.282580503+00:00,100095.51
AAPL,1,sell,189.67,2024-05-17 17:29:18.557506124+00:00,100095.49
AAPL,1,sell,189.7,2024-05-17 17:30:17.435116094+00:00,100080.01
AAPL,1,sell,189.72,2024-05-17 17:30:18.626792982+00:00,100082.73
AAPL,1,sell,189.69,2024-05-17 17:31:17.753107985+00:00,100084.45
AAPL,1,sell,189.69,2024-05-17 17:31:18.457720357+00:00,100084.44
AAPL,1,sell,189.65,2024-05-17 17:32:17.556730451+00:00,100100.04
AAPL,1,sell,189.65,2024-05-17 17:32:18.986917433+00:00,100102.25
AAPL,1,sell,189.64,2024-05-17 17:33:17.842661588+00:00,100110.81
AAPL,1,sell,189.64,2024-05-17 17:33:18.842382749+00:00,100110.81
AAPL,1,sell,189.61,2024-05-17 17:34:17.576281038+00:00,100122.46
AAPL,1,sell,189.61,2024-05-17 17:34:18.827269931+00:00,100122.45
AAPL,1,sell,189.63,2024-05-17 17:35:17.492861534+00:00,100113.41
AAPL,1,sell,189.63,2024-05-17 17:35:18.173786517+00:00,100113.4
AAPL,1,sell,189.6,2024-05-17 17:36:17.979746581+00:00,100127.01
AAPL,1,sell,189.6,2024-05-17 17:36:18.471752507+00:00,100127.0
AAPL,1,sell,189.66,2024-05-17 17:37:17.609182498+00:00,100097.35
AAPL,1,sell,189.67,2024-05-17 17:37:18.948623065+00:00,100095.06
AAPL,1,sell,189.69,2024-05-17 17:38:17.829103113+00:00,100090.49
AAPL,1,sell,189.68,2024-05-17 17:38:18.914412409+00:00,100090.48
AAPL,1,sell,189.7,2024-05-17 17:39:17.783679277+00:00,100083.57
AAPL,1,sell,189.7,2024-05-17 17:39:18.860625893+00:00,100083.57
AAPL,1,sell,189.75,2024-05-17 17:40:17.712877033+00:00,100058.16
AAPL,1,sell,189.75,2024-05-17 17:40:18.957477117+00:00,100058.15
AAPL,1,sell,189.71,2024-05-17 17:41:17.530546376+00:00,100074.43
AAPL,1,sell,189.71,2024-05-17 17:41:18.862827464+00:00,100074.37
AAPL,1,sell,189.7,2024-05-17 17:42:17.684260495+00:00,100079.02
AAPL,1,sell,189.7,2024-05-17 17:42:18.354008939+00:00,100079.0
AAPL,1,sell,189.71,2024-05-17 17:43:17.707741971+00:00,100076.66
AAPL,1,sell,189.71,2024-05-17 17:43:18.762796398+00:00,100076.65
AAPL,1,sell,189.82,2024-05-17 17:44:17.649617825+00:00,100022.59
AAPL,1,sell,189.81,2024-05-17 17:44:19.060830118+00:00,100027.29
AAPL,1,sell,189.81,2024-05-17 17:45:17.507757176+00:00,100031.35
AAPL,1,sell,189.81,2024-05-17 17:45:18.788284027+00:00,100032.0
AAPL,1,sell,189.75,2024-05-17 17:46:17.884812441+00:00,100055.69
AAPL,1,sell,189.75,2024-05-17 17:46:18.616443891+00:00,100055.68
AAPL,1,sell,189.77,2024-05-17 17:47:18.025968732+00:00,100048.54
AAPL,1,sell,189.77,2024-05-17 17:47:18.557791875+00:00,100048.53
AAPL,1,sell,189.73,2024-05-17 17:48:18.065023071+00:00,100067.65
AAPL,1,sell,189.73,2024-05-17 17:48:18.554777677+00:00,100070.04
AAPL,1,sell,189.73,2024-05-17 17:49:17.793565710+00:00,100065.22
AAPL,1,sell,189.73,2024-05-17 17:49:18.861104017+00:00,100065.74
AAPL,1,sell,189.72,2024-05-17 17:50:17.718353481+00:00,100072.43
AAPL,1,sell,189.72,2024-05-17 17:50:18.728419082+00:00,100072.42
AAPL,1,sell,189.77,2024-05-17 17:51:17.851043104+00:00,100050.59
AAPL,1,sell,189.77,2024-05-17 17:51:18.809548978+00:00,100050.59
AAPL,1,sell,189.77,2024-05-17 17:52:17.463719054+00:00,100045.77
AAPL,1,sell,189.77,2024-05-17 17:52:19.104159130+00:00,100046.34
AAPL,1,sell,189.73,2024-05-17 17:53:17.405227750+00:00,100065.26
AAPL,1,sell,189.75,2024-05-17 17:53:18.920744515+00:00,100065.27
AAPL,1,sell,189.75,2024-05-17 17:54:17.916080496+00:00,100056.83
AAPL,1,sell,189.75,2024-05-17 17:54:18.524670654+00:00,100056.83
AAPL,1,sell,189.76,2024-05-17 17:55:17.744423350+00:00,100040.66
AAPL,1,sell,189.78,2024-05-17 17:55:18.879031922+00:00,100040.64
AAPL,1,sell,189.8,2024-05-17 17:56:17.592219324+00:00,100030.75
AAPL,1,sell,189.8,2024-05-17 17:56:18.874545045+00:00,100033.22
AAPL,1,sell,189.8,2024-05-17 17:57:17.615876205+00:00,100033.22
AAPL,1,sell,189.81,2024-05-17 17:57:18.297243108+00:00,100030.73
AAPL,1,sell,189.8,2024-05-17 17:58:18.198306637+00:00,100040.7
AAPL,1,sell,189.78,2024-05-17 17:58:18.901932168+00:00,100040.69
AAPL,1,sell,189.82,2024-05-17 17:59:17.942242357+00:00,100025.58
AAPL,1,sell,189.82,2024-05-17 17:59:18.760305421+00:00,100025.58
AAPL,1,sell,189.74,2024-05-17 18:00:18.304218575+00:00,100061.72
AAPL,1,sell,189.75,2024-05-17 18:00:18.849952167+00:00,100058.14
AAPL,1,sell,189.71,2024-05-17 18:01:17.720412098+00:00,100075.92
AAPL,1,sell,189.7,2024-05-17 18:01:18.619128616+00:00,100080.96
AAPL,1,sell,189.75,2024-05-17 18:02:18.122789232+00:00,100060.71
AAPL,1,sell,189.75,2024-05-17 18:02:18.757972238+00:00,100060.71
AAPL,1,sell,189.74,2024-05-17 18:03:17.561193150+00:00,100060.7
AAPL,1,sell,189.75,2024-05-17 18:03:18.709771710+00:00,100060.7
AAPL,1,sell,189.71,2024-05-17 18:04:18.034718910+00:00,100078.55
AAPL,1,sell,189.71,2024-05-17 18:04:18.493976918+00:00,100078.54
AAPL,1,sell,189.7,2024-05-17 18:05:17.952681588+00:00,100081.09
AAPL,1,sell,189.7,2024-05-17 18:05:18.378038519+00:00,100081.07
AAPL,1,sell,189.74,2024-05-17 18:06:18.199868264+00:00,100065.65
AAPL,1,sell,189.73,2024-05-17 18:06:18.670294162+00:00,100065.64
AAPL,1,sell,189.77,2024-05-17 18:07:17.795794304+00:00,100047.58
AAPL,1,sell,189.78,2024-05-17 18:07:18.663276874+00:00,100044.99
AAPL,1,sell,189.79,2024-05-17 18:08:18.284621921+00:00,100032.03
AAPL,1,sell,189.79,2024-05-17 18:08:18.938557996+00:00,100032.01
AAPL,1,sell,189.76,2024-05-17 18:09:17.799884976+00:00,100050.24
AAPL,1,sell,189.76,2024-05-17 18:09:18.418638273+00:00,100050.23
AAPL,1,sell,189.71,2024-05-17 18:10:17.747273170+00:00,100076.27
AAPL,1,sell,189.71,2024-05-17 18:10:18.402926885+00:00,100076.26
AAPL,1,sell,189.7,2024-05-17 18:11:18.083207728+00:00,100086.48
AAPL,1,sell,189.7,2024-05-17 18:11:18.685738716+00:00,100086.48
AAPL,1,sell,189.67,2024-05-17 18:12:18.003087414+00:00,100099.88
AAPL,1,sell,189.67,2024-05-17 18:12:18.529012248+00:00,100097.23
AAPL,1,sell,189.55,2024-05-17 18:13:17.556105856+00:00,100165.87
AAPL,1,sell,189.55,2024-05-17 18:13:18.460218443+00:00,100161.1
AAPL,1,sell,189.58,2024-05-17 18:14:17.650922390+00:00,100147.32
AAPL,1,sell,189.58,2024-05-17 18:14:18.682963318+00:00,100147.31
AAPL,1,sell,189.53,2024-05-17 18:15:18.041866773+00:00,100176.57
AAPL,1,sell,189.52,2024-05-17 18:15:18.928003882+00:00,100179.22
AAPL,1,sell,189.51,2024-05-17 18:16:17.312238015+00:00,100184.56
AAPL,1,sell,189.51,2024-05-17 18:16:18.601661675+00:00,100181.87
AAPL,1,sell,189.61,2024-05-17 18:17:17.512580042+00:00,100130.95
AAPL,1,sell,189.62,2024-05-17 18:17:18.712718029+00:00,100125.57
AAPL,1,sell,189.62,2024-05-17 18:18:17.895080346+00:00,100122.87
AAPL,1,sell,189.63,2024-05-17 18:18:18.745505287+00:00,100122.86
AAPL,1,sell,189.58,2024-05-17 18:19:17.810888823+00:00,100147.16
AAPL,1,sell,189.58,2024-05-17 18:19:18.407244341+00:00,100149.81
AAPL,1,sell,189.62,2024-05-17 18:20:17.514338214+00:00,100126.93
AAPL,1,sell,189.6,2024-05-17 18:20:18.502481856+00:00,100133.6
AAPL,1,sell,189.55,2024-05-17 18:21:17.630799936+00:00,100166.24
AAPL,1,sell,189.55,2024-05-17 18:21:18.342390447+00:00,100166.24
AAPL,1,sell,189.53,2024-05-17 18:22:18.229856575+00:00,100177.15
AAPL,1,sell,189.53,2024-05-17 18:22:18.678009924+00:00,100177.15
AAPL,1,sell,189.42,2024-05-17 18:23:18.122628511+00:00,100237.43
AAPL,1,sell,189.43,2024-05-17 18:23:18.852806640+00:00,100237.44
AAPL,1,sell,189.48,2024-05-17 18:24:17.992966581+00:00,100198.93
AAPL,1,sell,189.47,2024-05-17 18:24:19.170334540+00:00,100204.42
AAPL,1,sell,189.66,2024-05-17 18:25:17.650373988+00:00,100094.0
AAPL,1,sell,189.67,2024-05-17 18:25:18.455293992+00:00,100096.75
AAPL,1,sell,189.69,2024-05-17 18:26:23.229088255+00:00,100082.89
AAPL,1,sell,189.73,2024-05-17 18:26:47.876441512+00:00,100063.46
AAPL,1,sell,189.69,2024-05-17 18:27:18.113599072+00:00,100082.91
AAPL,1,sell,189.69,2024-05-17 18:27:19.145733410+00:00,100085.69
AAPL,1,sell,189.73,2024-05-17 18:28:17.734376771+00:00,100060.57
AAPL,1,sell,189.73,2024-05-17 18:28:18.514627487+00:00,100066.15
AAPL,1,sell,189.69,2024-05-17 18:29:18.328298112+00:00,100082.93
AAPL,1,sell,189.69,2024-05-17 18:29:18.582976894+00:00,100082.93
AAPL,1,sell,189.67,2024-05-17 18:30:17.548701919+00:00,100094.16
AAPL,1,sell,189.67,2024-05-17 18:30:18.122233619+00:00,100094.15
AAPL,1,sell,189.69,2024-05-17 18:31:17.621253067+00:00,100085.69
AAPL,1,sell,189.69,2024-05-17 18:31:18.702915182+00:00,100085.68
AAPL,1,sell,189.67,2024-05-17 18:32:18.074405988+00:00,100099.82
AAPL,1,sell,189.67,2024-05-17 18:32:18.448095562+00:00,100099.82
AAPL,1,sell,189.68,2024-05-17 18:33:17.596359333+00:00,100091.3
AAPL,1,sell,189.67,2024-05-17 18:33:18.968546649+00:00,100094.13
AAPL,1,sell,189.65,2024-05-17 18:34:18.126703539+00:00,100108.38
AAPL,1,sell,189.65,2024-05-17 18:34:18.521248672+00:00,100108.37
AAPL,1,sell,189.68,2024-05-17 18:35:17.677147773+00:00,100091.2
AAPL,1,sell,189.68,2024-05-17 18:35:18.820513954+00:00,100091.19
AAPL,1,sell,189.66,2024-05-17 18:36:17.934719407+00:00,100099.79
AAPL,1,sell,189.66,2024-05-17 18:36:18.754119230+00:00,100099.78
AAPL,1,sell,189.71,2024-05-17 18:37:17.836762566+00:00,100073.86
AAPL,1,sell,189.71,2024-05-17 18:37:18.391877638+00:00,100073.85
AAPL,1,sell,189.71,2024-05-17 18:38:17.860691277+00:00,100074.95
AAPL,1,sell,189.71,2024-05-17 18:38:18.364607752+00:00,100073.83
AAPL,1,sell,189.71,2024-05-17 18:39:18.329407507+00:00,100070.91
AAPL,1,sell,189.71,2024-05-17 18:39:18.716436730+00:00,100073.82
AAPL,1,sell,189.72,2024-05-17 18:40:18.115912074+00:00,100065.08
AAPL,1,sell,189.72,2024-05-17 18:40:18.705884234+00:00,100065.07
AAPL,1,sell,189.71,2024-05-17 18:41:18.572476595+00:00,100076.69
AAPL,1,sell,189.71,2024-05-17 18:41:18.002924515+00:00,100059.17
AAPL,1,sell,189.73,2024-05-17 18:42:17.368846735+00:00,100059.15
AAPL,1,sell,189.73,2024-05-17 18:42:18.962163004+00:00,100059.14
AAPL,1,sell,189.71,2024-05-17 18:43:18.001765734+00:00,100070.89
AAPL,1,sell,189.71,2024-05-17 18:43:18.322881552+00:00,100079.73
AAPL,1,sell,189.72,2024-05-17 18:44:17.733721310+00:00,100066.03
AAPL,1,sell,189.72,2024-05-17 18:44:18.410755643+00:00,100066.03
AAPL,1,sell,189.76,2024-05-17 18:45:17.792103223+00:00,100041.26
AAPL,1,sell,189.76,2024-05-17 18:45:18.469358066+00:00,100036.08
AAPL,1,sell,189.78,2024-05-17 18:46:17.908222482+00:00,100032.34
AAPL,1,sell,189.78,2024-05-17 18:46:18.735106125+00:00,100032.33
AAPL,1,sell,189.78,2024-05-17 18:47:17.501456517+00:00,100029.34
AAPL,1,sell,189.78,2024-05-17 18:47:18.884981262+00:00,100032.32
AAPL,1,sell,189.8,2024-05-17 18:48:18.206710166+00:00,100017.36
AAPL,1,sell,189.8,2024-05-17 18:48:18.831303113+00:00,100020.34
AAPL,1,sell,189.8,2024-05-17 18:49:18.004589818+00:00,100017.33
AAPL,1,sell,189.8,2024-05-17 18:49:18.519470512+00:00,100022.32
AAPL,1,sell,189.88,2024-05-17 18:50:17.481246111+00:00,99969.15
AAPL,1,sell,189.89,2024-05-17 18:50:18.830811088+00:00,99969.15
AAPL,1,sell,189.87,2024-05-17 18:51:18.209850098+00:00,99978.21
AAPL,1,sell,189.87,2024-05-17 18:51:18.608350540+00:00,99975.89
AAPL,1,sell,189.87,2024-05-17 18:52:17.606473007+00:00,99981.22
AAPL,1,sell,189.87,2024-05-17 18:52:18.493027786+00:00,99981.22
AAPL,1,sell,189.9,2024-05-17 18:53:17.713529036+00:00,99956.89
AAPL,1,sell,189.9,2024-05-17 18:53:18.139343807+00:00,99956.88
AAPL,1,sell,189.93,2024-05-17 18:54:17.689554425+00:00,99941.63
AAPL,1,sell,189.93,2024-05-17 18:54:18.345086790+00:00,99941.62
AAPL,1,sell,189.96,2024-05-17 18:55:17.678168623+00:00,99923.25
AAPL,1,sell,189.96,2024-05-17 18:55:18.259439103+00:00,99923.24
AAPL,1,sell,189.95,2024-05-17 18:56:17.876751956+00:00,99929.38
AAPL,1,sell,189.95,2024-05-17 18:56:18.639648363+00:00,99926.29
AAPL,1,sell,189.98,2024-05-17 18:57:17.502480579+00:00,99910.89
AAPL,1,sell,189.98,2024-05-17 18:57:18.130644866+00:00,99910.88
AAPL,1,sell,189.99,2024-05-17 18:58:17.504490496+00:00,99910.88
AAPL,1,sell,189.99,2024-05-17 18:58:18.312115060+00:00,99904.68
AAPL,1,sell,189.97,2024-05-17 18:59:17.908256348+00:00,99917.07
AAPL,1,sell,189.97,2024-05-17 18:59:18.673649335+00:00,99917.25
AAPL,1,sell,189.96,2024-05-17 19:00:17.766504261+00:00,99923.28
AAPL,1,sell,189.96,2024-05-17 19:00:18.217228400+00:00,99923.27
AAPL,1,sell,189.96,2024-05-17 19:01:18.354239413+00:00,99923.88
AAPL,1,sell,189.96,2024-05-17 19:01:18.684504950+00:00,99923.88
AAPL,1,sell,189.91,2024-05-17 19:02:17.957772382+00:00,99951.41
AAPL,1,sell,189.91,2024-05-17 19:02:18.577117379+00:00,99951.4
AAPL,1,sell,189.98,2024-05-17 19:03:17.608149838+00:00,99909.51
AAPL,1,sell,189.98,2024-05-17 19:03:18.982056033+00:00,99909.5
AAPL,1,sell,189.94,2024-05-17 19:04:17.855049974+00:00,99935.77
AAPL,1,sell,189.94,2024-05-17 19:04:18.271819795+00:00,99936.77
AAPL,1,sell,189.97,2024-05-17 19:05:18.114556789+00:00,99913.62
AAPL,1,sell,189.97,2024-05-17 19:05:18.924225353+00:00,99913.61
AAPL,1,sell,189.97,2024-05-17 19:06:17.719486259+00:00,99913.6
AAPL,1,sell,189.97,2024-05-17 19:06:18.545874432+00:00,99914.42
AAPL,1,sell,190.01,2024-05-17 19:07:18.021060201+00:00,99891.33
AAPL,1,sell,190.01,2024-05-17 19:07:18.637692828+00:00,99891.32
AAPL,1,sell,190.01,2024-05-17 19:08:17.879153904+00:00,99894.5
AAPL,1,sell,190.01,2024-05-17 19:08:18.265372458+00:00,99888.16
AAPL,1,sell,190.01,2024-05-17 19:09:18.093222313+00:00,99891.3
AAPL,1,sell,190.01,2024-05-17 19:09:18.512075334+00:00,99891.29
AAPL,1,sell,189.99,2024-05-17 19:10:17.694551463+00:00,99902.45
AAPL,1,sell,189.99,2024-05-17 19:10:18.237227655+00:00,99902.45
AAPL,1,sell,190.02,2024-05-17 19:11:17.470390380+00:00,99881.57
AAPL,1,sell,190.03,2024-05-17 19:11:18.304115203+00:00,99881.56
AAPL,1,sell,190.05,2024-05-17 19:12:17.880709495+00:00,99868.64
AAPL,1,sell,190.05,2024-05-17 19:12:18.663279081+00:00,99868.64
AAPL,1,sell,190.06,2024-05-17 19:13:17.472286275+00:00,99855.67
AAPL,1,sell,190.06,2024-05-17 19:13:18.919611755+00:00,99856.57
AAPL,1,sell,190.01,2024-05-17 19:14:17.737753899+00:00,99888.15
AAPL,1,sell,190.02,2024-05-17 19:14:18.484688388+00:00,99888.14
AAPL,1,sell,190.0,2024-05-17 19:15:17.552664164+00:00,99891.39
AAPL,1,sell,190.0,2024-05-17 19:15:18.246433716+00:00,99897.91
AAPL,1,sell,190.02,2024-05-17 19:16:17.517494043+00:00,99881.55
AAPL,1,sell,190.03,2024-05-17 19:16:18.642859506+00:00,99878.27
AAPL,1,sell,189.99,2024-05-17 19:17:17.241917018+00:00,99905.1
AAPL,1,sell,190.0,2024-05-17 19:17:18.667231560+00:00,99897.93
AAPL,1,sell,190.0,2024-05-17 19:18:17.855899613+00:00,99899.83
AAPL,1,sell,190.0,2024-05-17 19:18:18.566106554+00:00,99901.21
AAPL,1,sell,189.96,2024-05-17 19:19:18.073720554+00:00,99924.7
AAPL,1,sell,189.96,2024-05-17 19:19:18.361355824+00:00,99924.7
AAPL,1,sell,190.0,2024-05-17 19:20:17.511428389+00:00,99894.5
AAPL,1,sell,190.0,2024-05-17 19:20:18.684182208+00:00,99894.49
AAPL,1,sell,190.03,2024-05-17 19:21:17.800696924+00:00,99874.55
AAPL,1,sell,190.03,2024-05-17 19:21:18.657416156+00:00,99877.67
AAPL,1,sell,189.98,2024-05-17 19:22:18.224222811+00:00,99911.17
AAPL,1,sell,189.98,2024-05-17 19:22:18.595618915+00:00,99911.16
AAPL,1,sell,190.03,2024-05-17 19:23:17.446699681+00:00,99881.1
AAPL,1,sell,190.03,2024-05-17 19:23:18.816417907+00:00,99881.1
AAPL,1,sell,190.04,2024-05-17 19:24:17.556724660+00:00,99870.78
AAPL,1,sell,190.04,2024-05-17 19:24:18.294741769+00:00,99870.76
AAPL,1,sell,190.04,2024-05-17 19:25:17.757530593+00:00,99867.66
AAPL,1,sell,190.04,2024-05-17 19:25:18.679819069+00:00,99865.97
AAPL,1,sell,190.12,2024-05-17 19:26:17.827300275+00:00,99813.72
AAPL,1,sell,190.12,2024-05-17 19:26:18.446073582+00:00,99813.71
AAPL,1,sell,190.09,2024-05-17 19:27:17.306742127+00:00,99840.75
AAPL,1,sell,190.09,2024-05-17 19:27:18.760565137+00:00,99837.36
AAPL,1,sell,190.06,2024-05-17 19:28:17.304358423+00:00,99857.69
AAPL,1,sell,190.07,2024-05-17 19:28:19.044534244+00:00,99854.15
AAPL,1,sell,190.07,2024-05-17 19:29:18.127395533+00:00,99847.47
AAPL,1,sell,190.07,2024-05-17 19:29:18.422139673+00:00,99847.47
AAPL,1,sell,190.11,2024-05-17 19:30:17.299991847+00:00,99827.01
AAPL,1,sell,190.11,2024-05-17 19:30:18.898720187+00:00,99823.59
AAPL,1,sell,190.06,2024-05-17 19:31:17.806045438+00:00,99854.35
AAPL,1,sell,190.06,2024-05-17 19:31:18.692583587+00:00,99854.34
AAPL,1,sell,190.03,2024-05-17 19:32:17.695183662+00:00,99881.78
AAPL,1,sell,190.02,2024-05-17 19:32:18.628798388+00:00,99885.21
AAPL,1,sell,190.02,2024-05-17 19:33:18.195648253+00:00,99881.76
AAPL,1,sell,190.02,2024-05-17 19:33:18.632393933+00:00,99881.74
AAPL,1,sell,190.0,2024-05-17 19:34:17.740592560+00:00,99895.53
AAPL,1,sell,190.0,2024-05-17 19:34:18.784598278+00:00,99895.58
AAPL,1,sell,190.07,2024-05-17 19:35:17.856681788+00:00,99850.53
AAPL,1,sell,190.07,2024-05-17 19:35:18.874954618+00:00,99850.52
AAPL,1,sell,190.02,2024-05-17 19:36:18.059329240+00:00,99885.22
AAPL,1,sell,190.02,2024-05-17 19:36:18.540619427+00:00,99885.21
AAPL,1,sell,190.08,2024-05-17 19:37:18.252516053+00:00,99846.92
AAPL,1,sell,190.08,2024-05-17 19:37:18.607719699+00:00,99846.92
AAPL,1,sell,190.1,2024-05-17 19:38:17.548717268+00:00,99826.04
AAPL,1,sell,190.1,2024-05-17 19:38:18.903310734+00:00,99825.96
AAPL,1,sell,190.11,2024-05-17 19:39:18.015311102+00:00,99819.02
AAPL,1,sell,190.11,2024-05-17 19:39:18.570922054+00:00,99819.01
AAPL,1,sell,190.13,2024-05-17 19:40:17.524538702+00:00,99811.92
AAPL,1,sell,190.13,2024-05-17 19:40:18.111075632+00:00,99822.48
AAPL,1,sell,190.12,2024-05-17 19:41:17.681554377+00:00,99826.0
AAPL,1,sell,190.1,2024-05-17 19:41:18.305055384+00:00,99825.99
AAPL,1,sell,190.12,2024-05-17 19:42:17.971081084+00:00,99815.4
AAPL,1,sell,190.12,2024-05-17 19:42:18.290674221+00:00,99818.93
AAPL,1,sell,190.1,2024-05-17 19:43:17.730271645+00:00,99833.09
AAPL,1,sell,190.1,2024-05-17 19:43:18.863374336+00:00,99825.99
AAPL,1,sell,190.11,2024-05-17 19:44:17.984246543+00:00,99818.88
AAPL,1,sell,190.11,2024-05-17 19:44:18.331313009+00:00,99825.98
AAPL,1,sell,190.05,2024-05-17 19:45:17.762984405+00:00,99861.57
AAPL,1,sell,190.07,2024-05-17 19:45:18.838606681+00:00,99861.58
AAPL,1,sell,190.11,2024-05-17 19:46:17.450871633+00:00,99825.88
AAPL,1,sell,190.11,2024-05-17 19:46:18.817261048+00:00,99825.81
AAPL,1,sell,190.11,2024-05-17 19:47:17.847239742+00:00,99825.88
AAPL,1,sell,190.11,2024-05-17 19:47:18.564643873+00:00,99825.87
AAPL,1,sell,190.12,2024-05-17 19:48:18.006868848+00:00,99818.69
AAPL,1,sell,190.12,2024-05-17 19:48:18.318050936+00:00,99818.69
AAPL,1,sell,190.09,2024-05-17 19:49:18.007052554+00:00,99836.68
AAPL,1,sell,190.09,2024-05-17 19:49:18.309901053+00:00,99836.68
AAPL,1,sell,189.92,2024-05-17 19:50:17.950490004+00:00,99955.8
AAPL,1,sell,189.93,2024-05-17 19:50:18.784453046+00:00,99955.8
AAPL,1,sell,190.01,2024-05-17 19:51:18.457705485+00:00,99883.37
AAPL,1,sell,190.02,2024-05-17 19:51:19.055023863+00:00,99883.36
AAPL,1,sell,190.05,2024-05-17 19:52:17.697021932+00:00,99861.57
AAPL,1,sell,190.05,2024-05-17 19:52:18.340104348+00:00,99861.56
AAPL,1,sell,189.94,2024-05-17 19:53:17.889255784+00:00,99948.85
AAPL,1,sell,189.94,2024-05-17 19:53:18.502599662+00:00,99941.62
AAPL,1,sell,189.88,2024-05-17 19:54:17.631366218+00:00,99989.06
AAPL,1,sell,189.9,2024-05-17 19:54:18.472825560+00:00,99967.11
AAPL,1,sell,189.92,2024-05-17 19:55:17.552248719+00:00,99956.12
AAPL,1,sell,189.92,2024-05-17 19:55:18.217618903+00:00,99963.45
AAPL,1,sell,189.87,2024-05-17 19:56:17.535796345+00:00,100003.83
AAPL,1,sell,189.84,2024-05-17 19:56:18.663312547+00:00,100022.2
AAPL,1,sell,189.8,2024-05-17 19:57:17.446968056+00:00,100047.96
AAPL,1,sell,189.8,2024-05-17 19:57:18.320758406+00:00,100047.94
AAPL,1,sell,189.83,2024-05-17 19:58:17.432180182+00:00,100025.8
AAPL,1,sell,189.83,2024-05-17 19:58:18.258369425+00:00,100025.79
AAPL,1,sell,189.85,2024-05-17 19:59:17.491734954+00:00,100007.28
AAPL,1,sell,189.85,2024-05-17 19:59:18.926546925+00:00,100006.08
AAPL,1,sell,196.02,2024-06-06 13:30:28.918029002+00:00,99999.86
AAPL,1,sell,196.0,2024-06-06 13:30:28.127546357+00:00,99999.92
TSLA,1,buy,174.75,2024-06-06 13:30:31.532133562+00:00,99999.64
TSLA,1,buy,174.72,2024-06-06 13:30:32.184967876+00:00,99999.41
AAPL,1,sell,196.05,2024-06-06 13:30:37.550533365+00:00,100000.17
AAPL,1,sell,196.05,2024-06-06 13:30:37.523495847+00:00,100000.17
TSLA,1,buy,174.69,2024-06-06 13:30:42.130868669+00:00,99999.25
TSLA,1,buy,174.69,2024-06-06 13:30:42.065264803+00:00,99999.25
AAPL,1,sell,196.05,2024-06-06 13:31:26.979890578+00:00,100003.28
AAPL,1,sell,196.06,2024-06-06 13:31:27.430036657+00:00,100003.44
TSLA,1,buy,175.7,2024-06-06 13:31:30.822152090+00:00,100003.48
TSLA,1,buy,175.66,2024-06-06 13:31:32.177521426+00:00,100003.01
AAPL,1,sell,196.22,2024-06-06 13:31:36.997424831+00:00,100004.17
AAPL,1,sell,196.22,2024-06-06 13:31:37.667031055+00:00,100004.45
TSLA,1,buy,176.05,2024-06-06 13:31:41.171633532+00:00,100005.05
TSLA,1,buy,176.0,2024-06-06 13:31:42.253436518+00:00,100005.17
AAPL,1,sell,196.23,2024-06-06 13:32:26.497335639+00:00,100008.94
AAPL,1,sell,196.24,2024-06-06 13:32:27.336018061+00:00,100008.81
TSLA,1,buy,176.54,2024-06-06 13:32:30.653301501+00:00,100008.22
TSLA,1,buy,176.52,2024-06-06 13:32:32.027218166+00:00,100012.89
AAPL,1,sell,196.15,2024-06-06 13:32:37.417199374+00:00,100009.51
AAPL,1,sell,196.15,2024-06-06 13:32:37.082918217+00:00,100010.61
TSLA,1,buy,176.6,2024-06-06 13:32:39.196320421+00:00,100012.35
TSLA,1,buy,176.7,2024-06-06 13:32:41.535306309+00:00,100011.39
AAPL,1,sell,195.83,2024-06-06 13:33:26.266217516+00:00,100007.86
AAPL,1,sell,195.83,2024-06-06 13:33:27.501261951+00:00,100006.89
TSLA,1,buy,176.1,2024-06-06 13:33:31.010900228+00:00,100007.68
TSLA,1,buy,176.01,2024-06-06 13:33:31.931973155+00:00,100007.46
AAPL,1,sell,195.84,2024-06-06 13:33:36.878240453+00:00,100005.24
AAPL,1,sell,195.84,2024-06-06 13:33:37.884738753+00:00,100006.83
TSLA,1,buy,176.08,2024-06-06 13:33:41.220042632+00:00,100010.11
TSLA,1,buy,176.14,2024-06-06 13:33:42.058746544+00:00,100009.07
AAPL,1,sell,195.9,2024-06-06 13:34:26.373258191+00:00,100011.01
AAPL,1,sell,195.83,2024-06-06 13:34:27.718784408+00:00,100010.5
TSLA,1,buy,176.31,2024-06-06 13:34:31.044188148+00:00,100006.53
TSLA,1,buy,176.21,2024-06-06 13:34:31.812712554+00:00,100007.32
AAPL,1,sell,195.83,2024-06-06 13:34:36.526690309+00:00,100005.86
AAPL,1,sell,195.83,2024-06-06 13:34:37.721025866+00:00,100006.2
TSLA,1,buy,175.99,2024-06-06 13:34:38.181535784+00:00,100005.44
TSLA,1,buy,176.07,2024-06-06 13:34:41.901324377+00:00,100006.65
AAPL,1,sell,195.66,2024-06-06 13:35:26.367835093+00:00,100014.59
AAPL,1,sell,195.66,2024-06-06 13:35:27.534476442+00:00,100015.35
TSLA,1,buy,176.33,2024-06-06 13:35:31.003010212+00:00,100009.41
TSLA,1,buy,176.32,2024-06-06 13:35:31.857996093+00:00,100010.24
AAPL,1,sell,195.64,2024-06-06 13:35:37.364565922+00:00,100010.61
AAPL,1,sell,195.64,2024-06-06 13:35:36.981362869+00:00,100011.75
TSLA,1,buy,176.16,2024-06-06 13:35:39.181937977+00:00,100012.48
TSLA,1,buy,176.14,2024-06-06 13:35:41.138980081+00:00,100015.11
AAPL,1,sell,195.58,2024-06-06 13:36:26.255814852+00:00,100007.76
AAPL,1,sell,195.59,2024-06-06 13:36:27.878150090+00:00,100008.37
TSLA,1,buy,175.96,2024-06-06 13:36:31.071042279+00:00,100004.71
TSLA,1,buy,175.93,2024-06-06 13:36:32.033244773+00:00,100004.97
AAPL,1,sell,195.61,2024-06-06 13:36:36.909711176+00:00,100002.48
AAPL,1,sell,195.66,2024-06-06 13:36:37.904515957+00:00,100005.22
TSLA,1,buy,175.88,2024-06-06 13:36:40.952370036+00:00,100005.2
TSLA,1,buy,175.87,2024-06-06 13:36:41.970041726+00:00,100003.09
AAPL,1,sell,195.54,2024-06-06 13:37:26.385839425+00:00,100010.57
AAPL,1,sell,195.54,2024-06-06 13:37:27.453015421+00:00,100009.01
TSLA,1,buy,175.88,2024-06-06 13:37:30.829652467+00:00,100006.35
TSLA,1,buy,175.93,2024-06-06 13:37:32.284673317+00:00,100004.44
AAPL,1,sell,195.53,2024-06-06 13:37:37.056943967+00:00,100004.59
AAPL,1,sell,195.51,2024-06-06 13:37:37.930229677+00:00,100006.65
TSLA,1,buy,175.89,2024-06-06 13:37:42.273742106+00:00,100008.46
TSLA,1,buy,175.86,2024-06-06 13:37:41.462491922+00:00,100006.54
AAPL,1,sell,195.48,2024-06-06 13:38:27.033222672+00:00,100012.44
AAPL,1,sell,195.48,2024-06-06 13:38:27.451507463+00:00,100009.98
TSLA,1,buy,175.94,2024-06-06 13:38:31.297977677+00:00,100005.16
TSLA,1,buy,175.94,2024-06-06 13:38:31.569950488+00:00,100005.42
AAPL,1,sell,195.5,2024-06-06 13:38:37.456870731+00:00,99997.34
AAPL,1,sell,195.5,2024-06-06 13:38:37.129701064+00:00,99993.11
TSLA,1,buy,175.43,2024-06-06 13:38:39.199162491+00:00,99992.8
TSLA,1,buy,175.47,2024-06-06 13:38:41.219865051+00:00,99990.28
AAPL,1,sell,195.55,2024-06-06 13:39:26.906663894+00:00,99982.01
AAPL,1,sell,195.52,2024-06-06 13:39:27.139201387+00:00,99980.19
TSLA,1,buy,175.12,2024-06-06 13:39:30.848530191+00:00,99983.18
TSLA,1,buy,175.09,2024-06-06 13:39:31.706097742+00:00,99986.22
AAPL,1,sell,195.54,2024-06-06 13:39:36.952282079+00:00,99981.19
AAPL,1,sell,195.54,2024-06-06 13:39:37.702590088+00:00,99980.79
TSLA,1,buy,175.16,2024-06-06 13:39:41.022244168+00:00,99979.23
TSLA,1,buy,175.14,2024-06-06 13:39:42.061842576+00:00,99979.76
AAPL,1,sell,195.46,2024-06-06 13:40:26.807192315+00:00,99982.88
AAPL,1,sell,195.45,2024-06-06 13:40:27.511209846+00:00,99984.46
TSLA,1,buy,175.08,2024-06-06 13:40:30.802542359+00:00,99984.05
TSLA,1,buy,175.05,2024-06-06 13:40:31.686683698+00:00,99981.95
AAPL,1,sell,195.4,2024-06-06 13:40:36.673973013+00:00,99987.96
AAPL,1,sell,195.35,2024-06-06 13:40:37.764872888+00:00,99989.3
TSLA,1,buy,175.06,2024-06-06 13:40:41.528127898+00:00,99985.72
TSLA,1,buy,175.06,2024-06-06 13:40:41.881913303+00:00,99986.6
AAPL,1,sell,195.49,2024-06-06 13:41:26.413180177+00:00,99955.94
AAPL,1,sell,195.49,2024-06-06 13:41:27.400089698+00:00,99953.98
TSLA,1,buy,174.51,2024-06-06 13:41:30.592367418+00:00,99953.95
TSLA,1,buy,174.51,2024-06-06 13:41:31.933703105+00:00,99955.57
AAPL,1,sell,195.45,2024-06-06 13:41:36.739448523+00:00,99960.31
AAPL,1,sell,195.43,2024-06-06 13:41:37.609675683+00:00,99962.38
TSLA,1,buy,174.63,2024-06-06 13:41:41.317372757+00:00,99958.07
TSLA,1,buy,174.57,2024-06-06 13:41:42.088321623+00:00,99958.55
AAPL,1,sell,195.59,2024-06-06 13:42:26.672899883+00:00,99971.26
AAPL,1,sell,195.58,2024-06-06 13:42:28.143337312+00:00,99970.27
TSLA,1,buy,174.92,2024-06-06 13:42:30.835758396+00:00,99971.76
TSLA,1,buy,174.92,2024-06-06 13:42:32.333060842+00:00,99967.25
AAPL,1,sell,195.58,2024-06-06 13:42:36.515402633+00:00,99970.08
AAPL,1,sell,195.59,2024-06-06 13:42:37.809476424+00:00,99964.55
TSLA,1,buy,174.88,2024-06-06 13:42:38.369805515+00:00,99963.97
TSLA,1,buy,174.84,2024-06-06 13:42:41.989289765+00:00,99960.83
AAPL,1,sell,195.6,2024-06-06 13:43:26.462805562+00:00,99970.31
AAPL,1,sell,195.6,2024-06-06 13:43:27.317773693+00:00,99967.21
TSLA,1,buy,174.9,2024-06-06 13:43:31.069092343+00:00,99969.45
TSLA,1,buy,174.98,2024-06-06 13:43:32.250506312+00:00,99970.27
AAPL,1,sell,195.7,2024-06-06 13:43:36.999359534+00:00,99959.19
AAPL,1,sell,195.69,2024-06-06 13:43:37.566437355+00:00,99958.35
TSLA,1,buy,174.85,2024-06-06 13:43:41.430363238+00:00,99959.95
TSLA,1,buy,174.83,2024-06-06 13:43:42.131692679+00:00,99957.99
AAPL,1,sell,195.74,2024-06-06 13:44:26.715387719+00:00,99953.89
AAPL,1,sell,195.74,2024-06-06 13:44:27.677397512+00:00,99954.74
TSLA,1,buy,174.97,2024-06-06 13:44:31.512193407+00:00,99957.76
TSLA,1,buy,174.9,2024-06-06 13:44:31.025945731+00:00,99960.44
AAPL,1,sell,195.78,2024-06-06 13:44:37.222009163+00:00,99959.52
AAPL,1,sell,195.75,2024-06-06 13:44:37.774894465+00:00,99958.55
TSLA,1,buy,174.89,2024-06-06 13:44:41.751688810+00:00,99959.75
TSLA,1,buy,174.92,2024-06-06 13:44:42.571382803+00:00,99959.45
AAPL,1,sell,195.66,2024-06-06 13:45:27.010822803+00:00,99963.88
AAPL,1,sell,195.65,2024-06-06 13:45:27.746862082+00:00,99964.47
TSLA,1,buy,174.87,2024-06-06 13:45:31.483949364+00:00,99959.46
TSLA,1,buy,174.87,2024-06-06 13:45:31.512844272+00:00,99940.84
AAPL,1,sell,195.66,2024-06-06 13:45:36.651600127+00:00,99970.64
AAPL,1,sell,195.67,2024-06-06 13:45:38.175048451+00:00,99965.68
TSLA,1,buy,174.93,2024-06-06 13:45:41.517011641+00:00,99961.17
TSLA,1,buy,174.93,2024-06-06 13:45:42.063951733+00:00,99958.91
AAPL,1,sell,195.59,2024-06-06 13:46:26.362644962+00:00,99961.09
AAPL,1,sell,195.6,2024-06-06 13:46:27.590759717+00:00,99958.51
TSLA,1,buy,174.87,2024-06-06 13:46:31.107752394+00:00,99968.69
TSLA,1,buy,174.87,2024-06-06 13:46:31.796379477+00:00,99968.22
AAPL,1,sell,195.64,2024-06-06 13:46:36.599065455+00:00,99972.19
AAPL,1,sell,195.64,2024-06-06 13:46:37.804687722+00:00,99969.88
TSLA,1,buy,174.94,2024-06-06 13:46:41.060919386+00:00,99965.39
TSLA,1,buy,174.94,2024-06-06 13:46:42.337731198+00:00,99967.43
AAPL,1,sell,195.6,2024-06-06 13:47:26.318753089+00:00,99981.96
AAPL,1,sell,195.6,2024-06-06 13:47:27.442744692+00:00,99976.93
TSLA,1,buy,175.04,2024-06-06 13:47:30.810386059+00:00,99984.9
TSLA,1,buy,175.03,2024-06-06 13:47:31.997951197+00:00,99982.74
AAPL,1,sell,195.53,2024-06-06 13:47:36.496544726+00:00,99980.41
AAPL,1,sell,195.53,2024-06-06 13:47:37.901279249+00:00,99976.81
TSLA,1,buy,174.95,2024-06-06 13:47:38.333764559+00:00,99983.2
TSLA,1,buy,175.08,2024-06-06 13:47:41.978106897+00:00,99973.41
AAPL,1,sell,195.67,2024-06-06 13:48:26.382816689+00:00,99944.66
AAPL,1,sell,195.7,2024-06-06 13:48:27.781341173+00:00,99944.51
TSLA,1,buy,174.72,2024-06-06 13:48:31.015407659+00:00,99948.53
TSLA,1,buy,174.69,2024-06-06 13:48:31.769625647+00:00,99951.48
AAPL,1,sell,195.74,2024-06-06 13:48:36.728222145+00:00,99937.09
AAPL,1,sell,195.76,2024-06-06 13:48:37.671807949+00:00,99934.03
TSLA,1,buy,174.59,2024-06-06 13:48:41.202974845+00:00,99931.38
TSLA,1,buy,174.58,2024-06-06 13:48:42.012202149+00:00,99933.02
AAPL,1,sell,195.89,2024-06-06 13:49:26.687344443+00:00,99882.81
AAPL,1,sell,195.89,2024-06-06 13:49:27.594825150+00:00,99884.38
TSLA,1,buy,173.97,2024-06-06 13:49:31.041768702+00:00,99879.71
TSLA,1,buy,173.97,2024-06-06 13:49:31.738027674+00:00,99882.05
AAPL,1,sell,195.75,2024-06-06 13:49:37.111886142+00:00,99885.16
AAPL,1,sell,195.74,2024-06-06 13:49:37.499234166+00:00,99885.31
TSLA,1,buy,173.94,2024-06-06 13:49:41.573285694+00:00,99889.92
TSLA,1,buy,173.92,2024-06-06 13:49:41.966612907+00:00,99885.12
AAPL,1,sell,195.8,2024-06-06 13:50:26.565877395+00:00,99842.98
AAPL,1,sell,195.73,2024-06-06 13:50:27.638266421+00:00,99846.71
TSLA,1,buy,173.44,2024-06-06 13:50:31.884112108+00:00,99843.84
TSLA,1,buy,173.46,2024-06-06 13:50:30.994846569+00:00,99843.98
AAPL,1,sell,195.75,2024-06-06 13:50:37.137641585+00:00,99842.59
AAPL,1,sell,195.77,2024-06-06 13:50:37.944562099+00:00,99844.4
TSLA,1,buy,173.44,2024-06-06 13:50:41.187028415+00:00,99834.17
TSLA,1,buy,173.38,2024-06-06 13:50:42.348844065+00:00,99831.64
AAPL,1,sell,195.64,2024-06-06 13:51:26.446736816+00:00,99850.25
AAPL,1,sell,195.65,2024-06-06 13:51:27.371262682+00:00,99849.02
TSLA,1,buy,173.33,2024-06-06 13:51:30.712582941+00:00,99849.35
TSLA,1,buy,173.31,2024-06-06 13:51:31.895787959+00:00,99842.47
AAPL,1,sell,195.56,2024-06-06 13:51:37.184949533+00:00,99845.07
AAPL,1,sell,195.56,2024-06-06 13:51:37.738489515+00:00,99845.91
TSLA,1,buy,173.24,2024-06-06 13:51:41.405120142+00:00,99842.4
TSLA,1,buy,173.24,2024-06-06 13:51:42.107757983+00:00,99844.63
AAPL,1,sell,195.56,2024-06-06 13:52:27.174355559+00:00,99850.67
AAPL,1,sell,195.56,2024-06-06 13:52:27.480303418+00:00,99848.74
TSLA,1,buy,173.3,2024-06-06 13:52:31.250528158+00:00,99850.24
TSLA,1,buy,173.3,2024-06-06 13:52:31.941546490+00:00,99848.44
AAPL,1,sell,195.56,2024-06-06 13:52:36.767909677+00:00,99845.72
AAPL,1,sell,195.56,2024-06-06 13:52:37.842977582+00:00,99844.33
TSLA,1,buy,173.26,2024-06-06 13:52:41.204441650+00:00,99840.15
TSLA,1,buy,173.27,2024-06-06 13:52:42.268561787+00:00,99837.33
AAPL,1,sell,195.64,2024-06-06 13:53:26.760791863+00:00,99824.43
AAPL,1,sell,195.64,2024-06-06 13:53:27.489213313+00:00,99821.57
TSLA,1,buy,173.08,2024-06-06 13:53:31.437562830+00:00,99817.91
TSLA,1,buy,173.1,2024-06-06 13:53:30.865627299+00:00,99820.5
AAPL,1,sell,195.63,2024-06-06 13:53:36.851436336+00:00,99823.6
AAPL,1,sell,195.61,2024-06-06 13:53:37.814727319+00:00,99830.63
TSLA,1,buy,173.11,2024-06-06 13:53:41.012362848+00:00,99822.0
TSLA,1,buy,173.09,2024-06-06 13:53:42.023557918+00:00,99818.64
AAPL,1,sell,195.74,2024-06-06 13:54:26.515977484+00:00,99809.15
AAPL,1,sell,195.74,2024-06-06 13:54:27.473099838+00:00,99808.06
TSLA,1,buy,173.04,2024-06-06 13:54:30.562679344+00:00,99814.85
TSLA,1,buy,173.08,2024-06-06 13:54:31.661634369+00:00,99810.92
AAPL,1,sell,195.72,2024-06-06 13:54:36.456231537+00:00,99811.03
AAPL,1,sell,195.71,2024-06-06 13:54:37.644099665+00:00,99809.93
TSLA,1,buy,173.01,2024-06-06 13:54:38.251940173+00:00,99810.76
TSLA,1,buy,172.99,2024-06-06 13:54:41.925524060+00:00,99801.95
AAPL,1,sell,195.72,2024-06-06 13:55:26.426312695+00:00,99802.89
AAPL,1,sell,195.72,2024-06-06 13:55:27.428052606+00:00,99802.65
TSLA,1,buy,172.99,2024-06-06 13:55:31.356225384+00:00,99798.27
TSLA,1,buy,172.98,2024-06-06 13:55:31.136495300+00:00,99808.38
AAPL,1,sell,195.74,2024-06-06 13:55:37.426924085+00:00,99812.51
AAPL,1,sell,195.74,2024-06-06 13:55:36.886056082+00:00,99811.48
TSLA,1,buy,173.07,2024-06-06 13:55:39.140057277+00:00,99810.96
TSLA,1,buy,173.06,2024-06-06 13:55:41.233893402+00:00,99812.0
AAPL,1,sell,195.74,2024-06-06 13:56:26.933548383+00:00,99825.34
AAPL,1,sell,195.71,2024-06-06 13:56:27.675408612+00:00,99830.63
TSLA,1,buy,173.28,2024-06-06 13:56:31.231756056+00:00,99834.29
TSLA,1,buy,173.29,2024-06-06 13:56:31.947752857+00:00,99834.3
AAPL,1,sell,195.78,2024-06-06 13:56:36.928101612+00:00,99834.03
AAPL,1,sell,195.78,2024-06-06 13:56:38.045850745+00:00,99833.8
TSLA,1,buy,173.29,2024-06-06 13:56:40.987155202+00:00,99833.3
TSLA,1,buy,173.26,2024-06-06 13:56:42.279294012+00:00,99831.19
AAPL,1,sell,195.81,2024-06-06 13:57:26.159281139+00:00,99826.77
AAPL,1,sell,195.79,2024-06-06 13:57:27.395535494+00:00,99826.18
TSLA,1,buy,173.3,2024-06-06 13:57:27.813772675+00:00,99826.18
TSLA,1,buy,173.27,2024-06-06 13:57:31.694321196+00:00,99818.65
AAPL,1,sell,195.85,2024-06-06 13:57:36.754876577+00:00,99817.86
AAPL,1,sell,195.85,2024-06-06 13:57:38.001591721+00:00,99817.87
TSLA,1,buy,173.28,2024-06-06 13:57:41.244995606+00:00,99825.65
TSLA,1,buy,173.28,2024-06-06 13:57:42.197289240+00:00,99825.09
AAPL,1,sell,195.95,2024-06-06 13:58:27.072282479+00:00,99862.03
AAPL,1,sell,195.95,2024-06-06 13:58:27.486936990+00:00,99862.95
TSLA,1,buy,173.75,2024-06-06 13:58:30.993698058+00:00,99866.0
TSLA,1,buy,173.74,2024-06-06 13:58:31.920680974+00:00,99863.14
AAPL,1,sell,195.97,2024-06-06 13:58:37.111692665+00:00,99862.48
AAPL,1,sell,195.94,2024-06-06 13:58:38.245994537+00:00,99865.44
TSLA,1,buy,173.74,2024-06-06 13:58:41.359692211+00:00,99860.79
TSLA,1,buy,173.75,2024-06-06 13:58:42.565273058+00:00,99863.55
AAPL,1,sell,196.06,2024-06-06 13:59:26.108032998+00:00,99854.15
AAPL,1,sell,196.06,2024-06-06 13:59:27.197357563+00:00,99860.23
TSLA,1,buy,173.77,2024-06-06 13:59:27.857740707+00:00,99854.97
TSLA,1,buy,173.78,2024-06-06 13:59:31.578850440+00:00,99848.49
AAPL,1,sell,196.09,2024-06-06 13:59:37.447622985+00:00,99850.24
AAPL,1,sell,196.09,2024-06-06 13:59:37.133982956+00:00,99847.32
TSLA,1,buy,173.78,2024-06-06 13:59:39.105399150+00:00,99839.97
TSLA,1,buy,173.77,2024-06-06 13:59:41.207681025+00:00,99838.28
AAPL,1,sell,196.22,2024-06-06 14:00:26.571747659+00:00,99804.54
AAPL,1,sell,196.22,2024-06-06 14:00:27.217452844+00:00,99804.54
TSLA,1,buy,173.55,2024-06-06 14:00:31.152614922+00:00,99808.2
TSLA,1,buy,173.55,2024-06-06 14:00:31.837931965+00:00,99807.35
AAPL,1,sell,196.22,2024-06-06 14:00:37.165674057+00:00,99809.56
AAPL,1,sell,196.23,2024-06-06 14:00:37.573559919+00:00,99807.0
TSLA,1,buy,173.57,2024-06-06 14:00:41.309916380+00:00,99805.68
TSLA,1,buy,173.57,2024-06-06 14:00:42.198956729+00:00,99810.63
AAPL,1,sell,196.18,2024-06-06 14:01:26.417417032+00:00,99825.59
AAPL,1,sell,196.2,2024-06-06 14:01:27.329785229+00:00,99819.35
TSLA,1,buy,173.6,2024-06-06 14:01:31.009922815+00:00,99789.09
TSLA,1,buy,173.59,2024-06-06 14:01:31.733009795+00:00,99790.93
AAPL,1,sell,196.16,2024-06-06 14:01:36.681746423+00:00,99797.92
AAPL,1,sell,196.16,2024-06-06 14:01:37.769555777+00:00,99794.11
TSLA,1,buy,173.4,2024-06-06 14:01:41.062557420+00:00,99799.19
TSLA,1,buy,173.39,2024-06-06 14:01:42.156369344+00:00,99805.58
AAPL,1,sell,196.1,2024-06-06 14:02:26.599508282+00:00,99806.25
AAPL,1,sell,196.1,2024-06-06 14:02:27.587710454+00:00,99808.18
TSLA,1,buy,173.42,2024-06-06 14:02:30.732063647+00:00,99812.19
TSLA,1,buy,173.43,2024-06-06 14:02:31.971671101+00:00,99814.15
AAPL,1,sell,196.0,2024-06-06 14:02:36.883229402+00:00,99809.37
AAPL,1,sell,196.04,2024-06-06 14:02:37.648572179+00:00,99815.26
TSLA,1,buy,173.43,2024-06-06 14:02:41.085404461+00:00,99807.52
TSLA,1,buy,173.42,2024-06-06 14:02:42.051530264+00:00,99806.53
AAPL,1,sell,196.01,2024-06-06 14:03:26.842352408+00:00,99847.41
AAPL,1,sell,196.0,2024-06-06 14:03:27.171043905+00:00,99840.95
TSLA,1,buy,173.58,2024-06-06 14:03:31.004115750+00:00,99835.6
TSLA,1,buy,173.57,2024-06-06 14:03:31.503782786+00:00,99822.04
AAPL,1,sell,195.98,2024-06-06 14:03:37.444294395+00:00,99820.84
AAPL,1,sell,195.98,2024-06-06 14:03:37.188856173+00:00,99822.14
TSLA,1,buy,173.45,2024-06-06 14:03:38.778569123+00:00,99825.9
TSLA,1,buy,173.48,2024-06-06 14:03:41.444599459+00:00,99827.11
AAPL,1,sell,195.97,2024-06-06 14:04:27.043617107+00:00,99801.61
AAPL,1,sell,195.97,2024-06-06 14:04:26.548932141+00:00,99789.86
TSLA,1,buy,173.21,2024-06-06 14:04:28.291832060+00:00,99793.94
TSLA,1,buy,173.25,2024-06-06 14:04:30.682446795+00:00,99784.74
AAPL,1,sell,196.01,2024-06-06 14:04:36.694011910+00:00,99799.26
AAPL,1,sell,196.01,2024-06-06 14:04:37.844432850+00:00,99806.16
TSLA,1,buy,173.34,2024-06-06 14:04:40.944816006+00:00,99793.99
TSLA,1,buy,173.26,2024-06-06 14:04:42.361141958+00:00,99797.34
AAPL,1,sell,195.96,2024-06-06 14:05:27.049419929+00:00,99804.46
TSLA,1,buy,173.28,2024-06-06 14:05:28.206450199+00:00,99811.53
AAPL,1,sell,195.97,2024-06-06 14:05:26.466851319+00:00,99811.38
TSLA,1,buy,173.29,2024-06-06 14:05:30.581306065+00:00,99820.34
AAPL,1,sell,195.83,2024-06-06 14:05:37.014099330+00:00,99851.06
AAPL,1,sell,195.82,2024-06-06 14:05:37.668882635+00:00,99849.19
TSLA,1,buy,173.42,2024-06-06 14:05:41.115669897+00:00,99847.01
TSLA,1,buy,173.46,2024-06-06 14:05:42.389821559+00:00,99852.54
AAPL,1,sell,195.75,2024-06-06 14:06:26.999568915+00:00,99846.99
AAPL,1,sell,195.75,2024-06-06 14:06:27.902769653+00:00,99848.22
TSLA,1,buy,173.39,2024-06-06 14:06:31.032037856+00:00,99848.41
TSLA,1,buy,173.38,2024-06-06 14:06:32.326920207+00:00,99854.25
AAPL,1,sell,195.75,2024-06-06 14:06:36.913533070+00:00,99864.43
AAPL,1,sell,195.73,2024-06-06 14:06:37.865804824+00:00,99866.02
TSLA,1,buy,173.49,2024-06-06 14:06:41.351286283+00:00,99871.14
TSLA,1,buy,173.5,2024-06-06 14:06:42.090510482+00:00,99871.04
AAPL,1,sell,195.75,2024-06-06 14:07:26.286368507+00:00,99860.05
AAPL,1,sell,195.77,2024-06-06 14:07:27.814815531+00:00,99861.34
TSLA,1,buy,173.53,2024-06-06 14:07:31.004435911+00:00,99856.8
TSLA,1,buy,173.51,2024-06-06 14:07:31.865440211+00:00,99855.47
AAPL,1,sell,195.79,2024-06-06 14:07:36.812669529+00:00,99845.39
AAPL,1,sell,195.79,2024-06-06 14:07:37.769571223+00:00,99847.08
TSLA,1,buy,173.4,2024-06-06 14:07:40.929716825+00:00,99847.06
TSLA,1,buy,173.42,2024-06-06 14:07:42.184594668+00:00,99831.06
AAPL,1,sell,195.64,2024-06-06 14:08:26.761105236+00:00,99871.31
AAPL,1,sell,195.67,2024-06-06 14:08:27.210660155+00:00,99875.42
TSLA,1,buy,173.49,2024-06-06 14:08:31.224627538+00:00,99881.2
TSLA,1,buy,173.49,2024-06-06 14:08:31.698489025+00:00,99885.67
AAPL,1,sell,195.69,2024-06-06 14:08:36.868508007+00:00,99897.9
AAPL,1,sell,195.68,2024-06-06 14:08:37.722715598+00:00,99898.21
TSLA,1,buy,173.61,2024-06-06 14:08:41.146848192+00:00,99884.36
TSLA,1,buy,173.61,2024-06-06 14:08:42.164695491+00:00,99883.52
AAPL,1,sell,195.65,2024-06-06 14:09:26.512094886+00:00,99873.2
AAPL,1,sell,195.65,2024-06-06 14:09:27.427905713+00:00,99876.68
TSLA,1,buy,173.49,2024-06-06 14:09:30.833856777+00:00,99869.92
TSLA,1,buy,173.5,2024-06-06 14:09:32.059092402+00:00,99871.5
AAPL,1,sell,195.67,2024-06-06 14:09:37.118443433+00:00,99860.37
AAPL,1,sell,195.67,2024-06-06 14:09:37.749736329+00:00,99865.13
TSLA,1,buy,173.41,2024-06-06 14:09:41.037512742+00:00,99858.24
TSLA,1,buy,173.39,2024-06-06 14:09:42.163736814+00:00,99857.97
AAPL,1,sell,195.73,2024-06-06 14:10:26.680073157+00:00,99852.35
AAPL,1,sell,195.73,2024-06-06 14:10:27.705623496+00:00,99852.32
TSLA,1,buy,173.41,2024-06-06 14:10:30.494825623+00:00,99852.26
TSLA,1,buy,173.4,2024-06-06 14:10:31.969959271+00:00,99842.6
AAPL,1,sell,195.75,2024-06-06 14:10:37.039361321+00:00,99842.57
AAPL,1,sell,195.76,2024-06-06 14:10:37.731369273+00:00,99839.17
TSLA,1,buy,173.35,2024-06-06 14:10:41.174809475+00:00,99829.46
TSLA,1,buy,173.36,2024-06-06 14:10:42.045422215+00:00,99830.28
AAPL,1,sell,195.79,2024-06-06 14:11:26.337202831+00:00,99779.77
AAPL,1,sell,195.82,2024-06-06 14:11:27.510742710+00:00,99781.23
TSLA,1,buy,173.01,2024-06-06 14:11:31.073520304+00:00,99781.96
TSLA,1,buy,172.98,2024-06-06 14:11:32.184775137+00:00,99776.96
AAPL,1,sell,195.8,2024-06-06 14:11:37.592834273+00:00,99784.39
AAPL,1,sell,195.8,2024-06-06 14:11:37.488230020+00:00,99782.06
TSLA,1,buy,173.06,2024-06-06 14:11:41.405740440+00:00,99795.96
TSLA,1,buy,173.08,2024-06-06 14:11:42.105150521+00:00,99791.09
AAPL,1,sell,195.91,2024-06-06 14:12:26.943563952+00:00,99810.47
AAPL,1,sell,195.91,2024-06-06 14:12:27.177004746+00:00,99812.37
TSLA,1,buy,173.29,2024-06-06 14:12:30.617218828+00:00,99813.97
TSLA,1,buy,173.27,2024-06-06 14:12:31.664716136+00:00,99818.95
AAPL,1,sell,195.89,2024-06-06 14:12:37.020804526+00:00,99812.97
AAPL,1,sell,195.89,2024-06-06 14:12:37.943762542+00:00,99810.41
TSLA,1,buy,173.28,2024-06-06 14:12:41.407762793+00:00,99802.02
TSLA,1,buy,173.28,2024-06-06 14:12:41.924414087+00:00,99805.29
AAPL,1,sell,195.94,2024-06-06 14:13:26.771397937+00:00,99787.68
AAPL,1,sell,195.95,2024-06-06 14:13:27.417175492+00:00,99787.28
TSLA,1,buy,173.24,2024-06-06 14:13:30.613606621+00:00,99798.09
TSLA,1,buy,173.3,2024-06-06 14:13:31.953449739+00:00,99811.44
AAPL,1,sell,195.95,2024-06-06 14:13:36.877637489+00:00,99801.88
AAPL,1,sell,195.95,2024-06-06 14:13:37.940690295+00:00,99800.13
TSLA,1,buy,173.28,2024-06-06 14:13:41.785190950+00:00,99795.91
TSLA,1,buy,173.28,2024-06-06 14:13:41.437020434+00:00,99786.24
AAPL,1,sell,196.13,2024-06-06 14:14:27.045406442+00:00,99769.32
AAPL,1,sell,196.13,2024-06-06 14:14:27.666148550+00:00,99771.97
TSLA,1,buy,173.33,2024-06-06 14:14:31.422015330+00:00,99777.27
TSLA,1,buy,173.33,2024-06-06 14:14:31.953998483+00:00,99776.38
AAPL,1,sell,196.13,2024-06-06 14:14:36.662824918+00:00,99777.5
AAPL,1,sell,196.14,2024-06-06 14:14:37.754060532+00:00,99777.21
TSLA,1,buy,173.36,2024-06-06 14:14:40.876395667+00:00,99772.73
TSLA,1,buy,173.24,2024-06-06 14:14:42.223580554+00:00,99737.71
AAPL,1,sell,196.19,2024-06-06 14:15:26.991107861+00:00,99760.2
AAPL,1,sell,196.19,2024-06-06 14:15:26.582883909+00:00,99758.11
TSLA,1,buy,173.32,2024-06-06 14:15:28.918816918+00:00,99760.23
TSLA,1,buy,173.34,2024-06-06 14:15:31.372718218+00:00,99770.15
AAPL,1,sell,196.19,2024-06-06 14:15:36.826227961+00:00,99749.95
AAPL,1,sell,196.27,2024-06-06 14:15:38.065232786+00:00,99752.83
TSLA,1,buy,173.32,2024-06-06 14:15:41.078012327+00:00,99754.63
TSLA,1,buy,173.34,2024-06-06 14:15:42.314681872+00:00,99744.51
AAPL,1,sell,196.25,2024-06-06 14:16:26.662120828+00:00,99769.07
AAPL,1,sell,196.25,2024-06-06 14:16:27.131796585+00:00,99760.05
TSLA,1,buy,173.44,2024-06-06 14:16:30.957869301+00:00,99755.34
TSLA,1,buy,173.42,2024-06-06 14:16:32.029344397+00:00,99757.18
AAPL,1,sell,196.3,2024-06-06 14:16:37.200991940+00:00,99754.56
AAPL,1,sell,196.3,2024-06-06 14:16:37.547853696+00:00,99749.15
TSLA,1,buy,173.36,2024-06-06 14:16:41.032370225+00:00,99715.6
TSLA,1,buy,173.21,2024-06-06 14:16:42.189880885+00:00,99716.13
AAPL,1,sell,196.32,2024-06-06 14:17:26.206328574+00:00,99652.86
TSLA,1,buy,172.85,2024-06-06 14:17:27.561712710+00:00,99665.33
AAPL,1,sell,196.32,2024-06-06 14:17:27.937810644+00:00,99665.33
TSLA,1,buy,172.91,2024-06-06 14:17:32.220699048+00:00,99662.05
AAPL,1,sell,196.32,2024-06-06 14:17:37.469015846+00:00,99664.38
AAPL,1,sell,196.32,2024-06-06 14:17:38.249361642+00:00,99662.48
TSLA,1,buy,172.93,2024-06-06 14:17:41.745943550+00:00,99666.76
TSLA,1,buy,172.95,2024-06-06 14:17:42.394807415+00:00,99668.6
AAPL,1,sell,196.34,2024-06-06 14:18:26.390840285+00:00,99740.4
AAPL,1,sell,196.35,2024-06-06 14:18:27.468961241+00:00,99740.15
TSLA,1,buy,173.36,2024-06-06 14:18:30.981013328+00:00,99745.99
TSLA,1,buy,173.36,2024-06-06 14:18:32.192680904+00:00,99741.12
AAPL,1,sell,196.33,2024-06-06 14:18:36.907354939+00:00,99775.05
AAPL,1,sell,196.33,2024-06-06 14:18:37.554050674+00:00,99772.62
TSLA,1,buy,173.53,2024-06-06 14:18:41.480569583+00:00,99776.97
TSLA,1,buy,173.53,2024-06-06 14:18:41.891154884+00:00,99775.99
AAPL,1,sell,196.3,2024-06-06 14:19:27.406778309+00:00,99772.69
AAPL,1,sell,196.3,2024-06-06 14:19:27.326676675+00:00,99775.63
TSLA,1,buy,173.5,2024-06-06 14:19:31.861511222+00:00,99774.95
TSLA,1,buy,173.49,2024-06-06 14:19:32.186775429+00:00,99766.28
AAPL,1,sell,196.26,2024-06-06 14:19:36.713725456+00:00,99775.71
AAPL,1,sell,196.26,2024-06-06 14:19:38.387681041+00:00,99778.93
TSLA,1,buy,173.5,2024-06-06 14:19:40.980334112+00:00,99776.85
TSLA,1,buy,173.46,2024-06-06 14:19:42.912286858+00:00,99769.85
AAPL,1,sell,196.33,2024-06-06 14:20:26.744643250+00:00,99727.68
AAPL,1,sell,196.32,2024-06-06 14:20:27.962725606+00:00,99722.8
TSLA,1,buy,173.27,2024-06-06 14:20:30.702574316+00:00,99727.83
TSLA,1,buy,173.27,2024-06-06 14:20:32.188057444+00:00,99726.03
AAPL,1,sell,196.3,2024-06-06 14:20:36.616629398+00:00,99722.72
AAPL,1,sell,196.29,2024-06-06 14:20:37.789235287+00:00,99718.79
TSLA,1,buy,173.23,2024-06-06 14:20:41.249780107+00:00,99706.46
TSLA,1,buy,173.18,2024-06-06 14:20:42.186394203+00:00,99708.5
AAPL,1,sell,196.34,2024-06-06 14:21:26.396741018+00:00,99700.32
AAPL,1,sell,196.33,2024-06-06 14:21:27.330656414+00:00,99706.28
TSLA,1,buy,173.18,2024-06-06 14:21:31.017103859+00:00,99702.11
TSLA,1,buy,173.18,2024-06-06 14:21:32.064967937+00:00,99705.93
AAPL,1,sell,196.35,2024-06-06 14:21:36.886505043+00:00,99710.52
AAPL,1,sell,196.34,2024-06-06 14:21:37.872265855+00:00,99713.76
TSLA,1,buy,173.16,2024-06-06 14:21:41.801012744+00:00,99703.31
TSLA,1,buy,173.21,2024-06-06 14:21:41.153647459+00:00,99706.39
AAPL,1,sell,196.27,2024-06-06 14:22:26.670760124+00:00,99708.43
AAPL,1,sell,196.29,2024-06-06 14:22:27.547529103+00:00,99716.73
TSLA,1,buy,173.18,2024-06-06 14:22:30.798637668+00:00,99715.69
TSLA,1,buy,173.19,2024-06-06 14:22:31.713872025+00:00,99710.46
AAPL,1,sell,196.31,2024-06-06 14:22:36.993502940+00:00,99697.8
AAPL,1,sell,196.32,2024-06-06 14:22:37.581733870+00:00,99706.2
TSLA,1,buy,173.14,2024-06-06 14:22:41.805433968+00:00,99696.67
TSLA,1,buy,173.17,2024-06-06 14:22:41.432522114+00:00,99699.04
AAPL,1,sell,196.36,2024-06-06 14:23:26.205814040+00:00,99721.03
TSLA,1,buy,173.21,2024-06-06 14:23:27.322429703+00:00,99698.73
AAPL,1,sell,196.38,2024-06-06 14:23:27.403509648+00:00,99697.67
TSLA,1,buy,173.2,2024-06-06 14:23:31.771152766+00:00,99698.73
AAPL,1,sell,196.37,2024-06-06 14:23:36.797666639+00:00,99689.47
AAPL,1,sell,196.39,2024-06-06 14:23:38.124006017+00:00,99691.18
TSLA,1,buy,173.16,2024-06-06 14:23:41.631919885+00:00,99697.64
TSLA,1,buy,173.18,2024-06-06 14:23:41.948100143+00:00,99693.32
AAPL,1,sell,196.32,2024-06-06 14:24:26.967262752+00:00,99691.17
AAPL,1,sell,196.3,2024-06-06 14:24:28.450778810+00:00,99689.05
TSLA,1,buy,173.07,2024-06-06 14:24:32.166710153+00:00,99693.33
TSLA,1,buy,173.07,2024-06-06 14:24:32.434292785+00:00,99690.06
AAPL,1,sell,196.29,2024-06-06 14:24:36.472817426+00:00,99687.88
AAPL,1,sell,196.29,2024-06-06 14:24:37.736962908+00:00,99689.97
TSLA,1,buy,173.08,2024-06-06 14:24:37.718839959+00:00,99689.97
TSLA,1,buy,173.09,2024-06-06 14:24:41.802487047+00:00,99699.88
AAPL,1,sell,196.15,2024-06-06 14:25:26.695446446+00:00,99746.65
AAPL,1,sell,196.16,2024-06-06 14:25:27.902490842+00:00,99749.26
TSLA,1,buy,173.18,2024-06-06 14:25:31.067045244+00:00,99761.61
TSLA,1,buy,173.16,2024-06-06 14:25:32.300068658+00:00,99779.37
AAPL,1,sell,196.08,2024-06-06 14:25:36.771530909+00:00,99768.26
AAPL,1,sell,196.08,2024-06-06 14:25:37.453892772+00:00,99766.06
TSLA,1,buy,173.2,2024-06-06 14:25:41.202913603+00:00,99766.0
TSLA,1,buy,173.2,2024-06-06 14:25:42.242092221+00:00,99766.0
AAPL,1,sell,195.95,2024-06-06 14:26:26.155523977+00:00,99796.73
AAPL,1,sell,195.95,2024-06-06 14:26:27.560834640+00:00,99797.33
TSLA,1,buy,173.22,2024-06-06 14:26:27.493514845+00:00,99794.08
TSLA,1,buy,173.21,2024-06-06 14:26:32.041230181+00:00,99801.83
AAPL,1,sell,195.92,2024-06-06 14:26:36.693741579+00:00,99799.59
AAPL,1,sell,195.9,2024-06-06 14:26:37.876216618+00:00,99801.85
TSLA,1,buy,173.19,2024-06-06 14:26:41.532450345+00:00,99797.23
TSLA,1,buy,173.19,2024-06-06 14:26:42.085597607+00:00,99792.67
AAPL,1,sell,195.88,2024-06-06 14:27:26.106905785+00:00,99799.5
AAPL,1,sell,195.88,2024-06-06 14:27:27.304253732+00:00,99829.23
TSLA,1,buy,173.18,2024-06-06 14:27:27.442568413+00:00,99831.53
TSLA,1,buy,173.24,2024-06-06 14:27:31.895908835+00:00,99808.54
AAPL,1,sell,195.88,2024-06-06 14:27:37.015625901+00:00,99819.96
AAPL,1,sell,195.89,2024-06-06 14:27:37.976080885+00:00,99825.99
TSLA,1,buy,173.29,2024-06-06 14:27:41.223899561+00:00,99825.68
TSLA,1,buy,173.32,2024-06-06 14:27:42.587700196+00:00,99831.48
AAPL,1,sell,195.9,2024-06-06 14:28:26.856095718+00:00,99871.35
AAPL,1,sell,195.9,2024-06-06 14:28:28.551258340+00:00,99873.26
TSLA,1,buy,173.47,2024-06-06 14:28:30.914639167+00:00,99877.96
TSLA,1,buy,173.45,2024-06-06 14:28:32.399386055+00:00,99876.42
AAPL,1,sell,195.87,2024-06-06 14:28:36.886815264+00:00,99857.8
AAPL,1,sell,195.87,2024-06-06 14:28:37.856305687+00:00,99847.48
TSLA,1,buy,173.36,2024-06-06 14:28:41.030230038+00:00,99848.62
TSLA,1,buy,173.38,2024-06-06 14:28:42.193224768+00:00,99854.54
AAPL,1,sell,195.98,2024-06-06 14:29:26.173636809+00:00,99875.02
AAPL,1,sell,195.96,2024-06-06 14:29:27.568246322+00:00,99882.13
TSLA,1,buy,173.59,2024-06-06 14:29:27.898943620+00:00,99881.64
TSLA,1,buy,173.56,2024-06-06 14:29:31.923670471+00:00,99909.02
AAPL,1,sell,195.96,2024-06-06 14:29:36.902963547+00:00,99930.48
AAPL,1,sell,195.96,2024-06-06 14:29:37.476783448+00:00,99933.79
TSLA,1,buy,173.79,2024-06-06 14:29:41.505713429+00:00,99933.23
TSLA,1,buy,173.79,2024-06-06 14:29:41.989226836+00:00,99937.6
AAPL,1,sell,195.98,2024-06-06 14:30:26.769718582+00:00,99940.04
AAPL,1,sell,195.98,2024-06-06 14:30:27.926739582+00:00,99944.19
TSLA,1,buy,173.82,2024-06-06 14:30:31.213831034+00:00,99943.59
TSLA,1,buy,173.81,2024-06-06 14:30:32.369718245+00:00,99949.98
AAPL,1,sell,195.91,2024-06-06 14:30:36.575733834+00:00,99939.75
AAPL,1,sell,195.91,2024-06-06 14:30:38.125189567+00:00,99936.73
TSLA,1,buy,173.77,2024-06-06 14:30:40.902504076+00:00,99925.37
TSLA,1,buy,173.76,2024-06-06 14:30:42.000247710+00:00,99927.81
AAPL,1,sell,195.92,2024-06-06 14:31:26.342234169+00:00,99915.67
AAPL,1,sell,195.92,2024-06-06 14:31:27.296153653+00:00,99905.91
TSLA,1,buy,173.61,2024-06-06 14:31:30.884554056+00:00,99911.13
TSLA,1,buy,173.63,2024-06-06 14:31:31.621027705+00:00,99907.44
AAPL,1,sell,195.85,2024-06-06 14:31:37.164136983+00:00,99890.85
AAPL,1,sell,195.85,2024-06-06 14:31:38.001935715+00:00,99890.88
TSLA,1,buy,173.54,2024-06-06 14:31:41.589660917+00:00,99861.27
TSLA,1,buy,173.54,2024-06-06 14:31:42.168901107+00:00,99861.42
AAPL,1,sell,195.91,2024-06-06 14:32:26.476636563+00:00,99904.24
AAPL,1,sell,195.88,2024-06-06 14:32:27.360354622+00:00,99897.14
TSLA,1,buy,173.57,2024-06-06 14:32:30.715132411+00:00,99886.64
TSLA,1,buy,173.55,2024-06-06 14:32:31.993620453+00:00,99887.24
AAPL,1,sell,195.9,2024-06-06 14:32:36.960964010+00:00,99881.02
AAPL,1,sell,195.87,2024-06-06 14:32:38.170155217+00:00,99884.68
TSLA,1,buy,173.48,2024-06-06 14:32:41.259361204+00:00,99882.29
TSLA,1,buy,173.47,2024-06-06 14:32:42.371878417+00:00,99893.63
AAPL,1,sell,195.75,2024-06-06 14:33:26.297849849+00:00,99913.02
AAPL,1,sell,195.73,2024-06-06 14:33:27.660770635+00:00,99913.48
TSLA,1,buy,173.49,2024-06-06 14:33:30.747949662+00:00,99929.02
TSLA,1,buy,173.48,2024-06-06 14:33:31.908179162+00:00,99927.75
AAPL,1,sell,195.71,2024-06-06 14:33:36.839413653+00:00,99930.28
AAPL,1,sell,195.71,2024-06-06 14:33:37.911142469+00:00,99937.89
TSLA,1,buy,173.59,2024-06-06 14:33:41.302992635+00:00,99944.21
TSLA,1,buy,173.59,2024-06-06 14:33:42.145253337+00:00,99950.61
AAPL,1,sell,195.61,2024-06-06 14:34:26.492801230+00:00,100015.85
AAPL,1,sell,195.61,2024-06-06 14:34:27.721630025+00:00,100020.94
TSLA,1,buy,173.79,2024-06-06 14:34:30.617329735+00:00,100015.82
TSLA,1,buy,173.78,2024-06-06 14:34:31.709104640+00:00,100014.53
AAPL,1,sell,195.61,2024-06-06 14:34:36.823697197+00:00,100013.24
AAPL,1,sell,195.6,2024-06-06 14:34:37.473517643+00:00,100013.23
TSLA,1,buy,173.74,2024-06-06 14:34:38.668949370+00:00,100010.88
TSLA,1,buy,173.77,2024-06-06 14:34:41.825049393+00:00,100009.3
AAPL,1,sell,195.61,2024-06-06 14:35:26.608796615+00:00,100007.94
AAPL,1,sell,195.64,2024-06-06 14:35:27.232435112+00:00,100011.83
TSLA,1,buy,173.8,2024-06-06 14:35:30.892630390+00:00,100000.0
TSLA,1,buy,173.8,2024-06-06 14:35:31.823979435+00:00,100002.62
AAPL,1,sell,195.67,2024-06-06 14:35:36.806743142+00:00,100005.59
AAPL,1,sell,195.67,2024-06-06 14:35:38.325371837+00:00,100004.57
TSLA,1,buy,173.79,2024-06-06 14:35:40.996674463+00:00,100002.55
TSLA,1,buy,173.8,2024-06-06 14:35:42.807681218+00:00,99999.54
AAPL,1,sell,195.77,2024-06-06 14:36:26.570666541+00:00,100003.46
AAPL,1,sell,195.76,2024-06-06 14:36:27.733567151+00:00,100002.11
TSLA,1,buy,173.89,2024-06-06 14:36:31.132939296+00:00,100043.68
TSLA,1,buy,173.92,2024-06-06 14:36:31.827301879+00:00,100047.67
AAPL,1,sell,195.81,2024-06-06 14:36:36.614980028+00:00,100032.26
AAPL,1,sell,195.81,2024-06-06 14:36:37.747622920+00:00,100034.39
TSLA,1,buy,174.03,2024-06-06 14:36:38.568848594+00:00,100033.07
TSLA,1,buy,173.99,2024-06-06 14:36:42.207960283+00:00,100027.69
AAPL,1,sell,195.84,2024-06-06 14:37:26.329822401+00:00,99983.68
AAPL,1,sell,195.84,2024-06-06 14:37:28.037231894+00:00,99991.75
TSLA,1,buy,173.9,2024-06-06 14:37:31.311847428+00:00,99994.15
TSLA,1,buy,173.93,2024-06-06 14:37:32.344335567+00:00,99988.75
AAPL,1,sell,195.84,2024-06-06 14:37:36.902986342+00:00,99992.01
AAPL,1,sell,195.86,2024-06-06 14:37:37.495777422+00:00,99994.17
TSLA,1,buy,173.91,2024-06-06 14:37:41.002530190+00:00,99992.71
TSLA,1,buy,173.91,2024-06-06 14:37:42.118351763+00:00,100001.74
AAPL,1,sell,195.81,2024-06-06 14:38:26.771512585+00:00,100006.38
AAPL,1,sell,195.81,2024-06-06 14:38:27.232101943+00:00,100004.98
TSLA,1,buy,173.92,2024-06-06 14:38:30.616817299+00:00,99996.4
TSLA,1,buy,173.93,2024-06-06 14:38:31.625429590+00:00,100008.73
AAPL,1,sell,195.8,2024-06-06 14:38:37.386052073+00:00,100044.7
AAPL,1,sell,195.8,2024-06-06 14:38:38.465613868+00:00,100046.07
TSLA,1,buy,174.0,2024-06-06 14:38:41.721213294+00:00,100014.44
TSLA,1,buy,174.0,2024-06-06 14:38:42.763822282+00:00,100014.44
AAPL,1,sell,195.76,2024-06-06 14:39:26.657175526+00:00,100004.78
AAPL,1,sell,195.76,2024-06-06 14:39:27.550138695+00:00,100004.81
TSLA,1,buy,173.86,2024-06-06 14:39:31.126789078+00:00,100018.62
TSLA,1,buy,173.89,2024-06-06 14:39:31.969940660+00:00,100011.51
AAPL,1,sell,195.72,2024-06-06 14:39:37.325604170+00:00,100007.53
AAPL,1,sell,195.73,2024-06-06 14:39:37.004255653+00:00,99996.33
TSLA,1,buy,173.86,2024-06-06 14:39:39.232335149+00:00,99990.62
TSLA,1,buy,173.81,2024-06-06 14:39:41.178661915+00:00,99983.73
AAPL,1,sell,195.75,2024-06-06 14:40:26.371707569+00:00,100009.9
AAPL,1,sell,195.75,2024-06-06 14:40:27.449563335+00:00,100018.69
TSLA,1,buy,173.95,2024-06-06 14:40:30.963423153+00:00,100021.89
TSLA,1,buy,173.92,2024-06-06 14:40:31.698895532+00:00,100025.25
AAPL,1,sell,195.8,2024-06-06 14:40:36.988808637+00:00,100021.47
AAPL,1,sell,195.8,2024-06-06 14:40:37.426137107+00:00,100025.04
TSLA,1,buy,173.99,2024-06-06 14:40:41.542942423+00:00,100024.22
TSLA,1,buy,173.99,2024-06-06 14:40:41.917613787+00:00,100022.69
AAPL,1,sell,195.81,2024-06-06 14:41:27.046176686+00:00,99993.03
AAPL,1,sell,195.81,2024-06-06 14:41:27.326470567+00:00,99987.18
TSLA,1,buy,173.89,2024-06-06 14:41:28.756773778+00:00,99984.39
TSLA,1,buy,173.89,2024-06-06 14:41:31.592921803+00:00,99979.87
AAPL,1,sell,195.85,2024-06-06 14:41:36.962550753+00:00,99961.48
AAPL,1,sell,195.85,2024-06-06 14:41:37.683954083+00:00,99956.17
TSLA,1,buy,173.82,2024-06-06 14:41:41.791639270+00:00,99955.9
TSLA,1,buy,173.82,2024-06-06 14:41:41.378841048+00:00,99967.19
AAPL,1,sell,195.79,2024-06-06 14:42:26.670638396+00:00,100016.19
AAPL,1,sell,195.79,2024-06-06 14:42:27.487209639+00:00,100016.19
TSLA,1,buy,173.93,2024-06-06 14:42:30.893921214+00:00,100007.5
TSLA,1,buy,173.91,2024-06-06 14:42:31.924362513+00:00,100004.57
AAPL,1,sell,195.82,2024-06-06 14:42:36.822862626+00:00,99992.48
AAPL,1,sell,195.82,2024-06-06 14:42:38.067089890+00:00,99992.48
TSLA,1,buy,173.89,2024-06-06 14:42:41.023677226+00:00,99990.07
TSLA,1,buy,173.88,2024-06-06 14:42:42.121858950+00:00,99988.61
AAPL,1,sell,195.78,2024-06-06 14:43:26.518990930+00:00,99995.9
AAPL,1,sell,195.78,2024-06-06 14:43:27.104615499+00:00,99992.98
TSLA,1,buy,173.85,2024-06-06 14:43:30.914276346+00:00,99987.08
TSLA,1,buy,173.85,2024-06-06 14:43:31.750347499+00:00,100010.6
AAPL,1,sell,195.79,2024-06-06 14:43:36.451121025+00:00,100016.47
TSLA,1,buy,173.95,2024-06-06 14:43:37.560833508+00:00,100010.98
AAPL,1,sell,195.79,2024-06-06 14:43:37.635994473+00:00,100016.4
TSLA,1,buy,173.98,2024-06-06 14:43:42.003659852+00:00,100000.13
AAPL,1,sell,195.77,2024-06-06 14:44:26.760839176+00:00,100025.27
AAPL,1,sell,195.77,2024-06-06 14:44:27.250206702+00:00,100025.27
TSLA,1,buy,173.98,2024-06-06 14:44:30.732479023+00:00,100032.67
TSLA,1,buy,173.97,2024-06-06 14:44:32.138009446+00:00,100032.67
AAPL,1,sell,195.77,2024-06-06 14:44:36.684556332+00:00,100052.05
AAPL,1,sell,195.77,2024-06-06 14:44:37.949716905+00:00,100057.12
TSLA,1,buy,174.02,2024-06-06 14:44:41.570801565+00:00,100047.58
TSLA,1,buy,174.02,2024-06-06 14:44:41.900667873+00:00,100050.01
AAPL,1,sell,195.78,2024-06-06 14:45:26.220799087+00:00,100005.68
AAPL,1,sell,195.76,2024-06-06 14:45:27.504481849+00:00,100006.9
TSLA,1,buy,173.86,2024-06-06 14:45:31.066694333+00:00,99998.25
TSLA,1,buy,173.88,2024-06-06 14:45:32.357671974+00:00,99998.01
AAPL,1,sell,195.72,2024-06-06 14:45:37.201357200+00:00,99989.33
AAPL,1,sell,195.71,2024-06-06 14:45:37.945261979+00:00,99990.36
TSLA,1,buy,173.8,2024-06-06 14:45:41.777884495+00:00,99994.96
TSLA,1,buy,173.8,2024-06-06 14:45:41.266112810+00:00,99988.91
AAPL,1,sell,195.72,2024-06-06 14:46:26.917010293+00:00,100016.27
AAPL,1,sell,195.72,2024-06-06 14:46:27.363332812+00:00,100022.32
TSLA,1,buy,173.89,2024-06-06 14:46:31.173385709+00:00,100023.83
TSLA,1,buy,173.89,2024-06-06 14:46:32.053799499+00:00,100013.15
AAPL,1,sell,195.72,2024-06-06 14:46:36.554327148+00:00,100017.68
AAPL,1,sell,195.72,2024-06-06 14:46:38.074288453+00:00,100031.47
TSLA,1,buy,173.99,2024-06-06 14:46:41.626065809+00:00,100047.8
TSLA,1,buy,173.98,2024-06-06 14:46:41.903316019+00:00,100048.11
AAPL,1,sell,195.63,2024-06-06 14:47:26.497511405+00:00,100043.58
AAPL,1,sell,195.63,2024-06-06 14:47:27.080774094+00:00,100046.7
TSLA,1,buy,173.91,2024-06-06 14:47:31.156578683+00:00,100046.55
TSLA,1,buy,173.97,2024-06-06 14:47:31.848807876+00:00,100034.46
AAPL,1,sell,195.64,2024-06-06 14:47:36.989191641+00:00,100012.71
AAPL,1,sell,195.64,2024-06-06 14:47:37.883182900+00:00,100009.95
TSLA,1,buy,173.8,2024-06-06 14:47:41.508857460+00:00,100004.92
TSLA,1,buy,173.78,2024-06-06 14:47:42.028960364+00:00,99998.4
AAPL,1,sell,195.57,2024-06-06 14:48:26.690820183+00:00,100026.48
AAPL,1,sell,195.55,2024-06-06 14:48:27.238911316+00:00,100038.99
TSLA,1,buy,173.77,2024-06-06 14:48:31.002396686+00:00,100062.87
TSLA,1,buy,173.79,2024-06-06 14:48:31.963651150+00:00,100089.18
AAPL,1,sell,195.55,2024-06-06 14:48:36.641682527+00:00,100074.2
AAPL,1,sell,195.54,2024-06-06 14:48:37.836904175+00:00,100075.81
TSLA,1,buy,173.86,2024-06-06 14:48:41.716050277+00:00,100075.08
TSLA,1,buy,173.86,2024-06-06 14:48:41.309251575+00:00,100065.63
AAPL,1,sell,195.54,2024-06-06 14:49:26.622325560+00:00,100054.53
AAPL,1,sell,195.54,2024-06-06 14:49:27.311439512+00:00,100048.21
TSLA,1,buy,173.81,2024-06-06 14:49:30.947097871+00:00,100052.94
TSLA,1,buy,173.81,2024-06-06 14:49:32.062950234+00:00,100053.51
AAPL,1,sell,195.53,2024-06-06 14:49:36.571427203+00:00,100070.48
AAPL,1,sell,195.53,2024-06-06 14:49:37.741646003+00:00,100076.69
TSLA,1,buy,173.85,2024-06-06 14:49:41.200610204+00:00,100067.24
TSLA,1,buy,173.85,2024-06-06 14:49:42.419389520+00:00,100070.41
AAPL,1,sell,195.47,2024-06-06 14:50:26.491068441+00:00,100071.98
AAPL,1,sell,195.47,2024-06-06 14:50:27.565601826+00:00,100078.45
TSLA,1,buy,173.81,2024-06-06 14:50:31.475279767+00:00,100066.36
TSLA,1,buy,173.79,2024-06-06 14:50:32.368507185+00:00,100062.68
AAPL,1,sell,195.49,2024-06-06 14:50:37.056636412+00:00,100043.07
AAPL,1,sell,195.47,2024-06-06 14:50:38.097783730+00:00,100039.83
TSLA,1,buy,173.7,2024-06-06 14:50:41.678608203+00:00,100030.07
TSLA,1,buy,173.7,2024-06-06 14:50:42.433964711+00:00,100018.41
AAPL,1,sell,195.51,2024-06-06 14:51:26.261964265+00:00,99996.64
AAPL,1,sell,195.51,2024-06-06 14:51:27.673904287+00:00,99987.95
TSLA,1,buy,173.59,2024-06-06 14:51:30.771215093+00:00,99996.49
TSLA,1,buy,173.61,2024-06-06 14:51:31.835060330+00:00,99996.49
AAPL,1,sell,195.51,2024-06-06 14:51:36.959944916+00:00,100016.05
AAPL,1,sell,195.51,2024-06-06 14:51:37.680914767+00:00,100015.23
TSLA,1,buy,173.67,2024-06-06 14:51:41.272735709+00:00,99979.48
TSLA,1,buy,173.67,2024-06-06 14:51:42.376629333+00:00,99973.31
AAPL,1,sell,195.6,2024-06-06 14:52:26.563095596+00:00,99926.97
AAPL,1,sell,195.6,2024-06-06 14:52:27.646178091+00:00,99926.94
TSLA,1,buy,173.47,2024-06-06 14:52:31.025906438+00:00,99900.6
TSLA,1,buy,173.48,2024-06-06 14:52:31.826942203+00:00,99895.65
AAPL,1,sell,195.62,2024-06-06 14:52:36.987090827+00:00,99907.19
AAPL,1,sell,195.61,2024-06-06 14:52:37.954268360+00:00,99907.19
TSLA,1,buy,173.45,2024-06-06 14:52:41.406879862+00:00,99902.17
TSLA,1,buy,173.45,2024-06-06 14:52:42.171863059+00:00,99900.68
AAPL,1,sell,195.61,2024-06-06 14:53:26.739643955+00:00,99917.57
AAPL,1,sell,195.61,2024-06-06 14:53:27.565169648+00:00,99920.42
TSLA,1,buy,173.5,2024-06-06 14:53:30.935974426+00:00,99920.36
TSLA,1,buy,173.5,2024-06-06 14:53:32.384566416+00:00,99902.89
AAPL,1,sell,195.62,2024-06-06 14:53:36.862833627+00:00,99910.33
AAPL,1,sell,195.61,2024-06-06 14:53:38.073833174+00:00,99910.33
TSLA,1,buy,173.46,2024-06-06 14:53:41.118162224+00:00,99916.99
TSLA,1,buy,173.46,2024-06-06 14:53:42.363829288+00:00,99908.62
AAPL,1,sell,195.67,2024-06-06 14:54:28.026527398+00:00,99908.54
AAPL,1,sell,195.64,2024-06-06 14:54:26.310222597+00:00,99915.4
TSLA,1,buy,173.54,2024-06-06 14:54:29.853988362+00:00,99901.04
TSLA,1,buy,173.52,2024-06-06 14:54:30.798616347+00:00,99905.16
AAPL,1,sell,195.69,2024-06-06 14:54:37.270445161+00:00,99915.15
AAPL,1,sell,195.69,2024-06-06 14:54:37.739303468+00:00,99911.81
TSLA,1,buy,173.59,2024-06-06 14:54:41.130726245+00:00,99920.48
TSLA,1,buy,173.59,2024-06-06 14:54:42.020274553+00:00,99913.03
AAPL,1,sell,195.79,2024-06-06 14:55:26.619031357+00:00,99877.18
AAPL,1,sell,195.79,2024-06-06 14:55:27.724522911+00:00,99877.49
TSLA,1,buy,173.53,2024-06-06 14:55:30.942358449+00:00,99883.1
TSLA,1,buy,173.52,2024-06-06 14:55:31.937556580+00:00,99885.22
AAPL,1,sell,195.79,2024-06-06 14:55:36.651992255+00:00,99874.3
AAPL,1,sell,195.8,2024-06-06 14:55:38.291113072+00:00,99869.17
TSLA,1,buy,173.51,2024-06-06 14:55:41.332370122+00:00,99866.65
TSLA,1,buy,173.51,2024-06-06 14:55:42.447900075+00:00,99858.84
AAPL,1,sell,195.9,2024-06-06 14:56:26.972224725+00:00,99843.74
TSLA,1,buy,173.55,2024-06-06 14:56:28.124194836+00:00,99846.78
AAPL,1,sell,195.9,2024-06-06 14:56:26.780771108+00:00,99853.68
TSLA,1,buy,173.57,2024-06-06 14:56:31.154398117+00:00,99843.28
AAPL,1,sell,195.93,2024-06-06 14:56:36.627372229+00:00,99841.62
AAPL,1,sell,195.94,2024-06-06 14:56:37.990625345+00:00,99844.36
TSLA,1,buy,173.59,2024-06-06 14:56:41.785573093+00:00,99843.23
TSLA,1,buy,173.59,2024-06-06 14:56:41.559971089+00:00,99871.07
AAPL,1,sell,195.89,2024-06-06 14:57:26.515253749+00:00,99920.82
AAPL,1,sell,195.89,2024-06-06 14:57:27.593796404+00:00,99919.77
TSLA,1,buy,173.78,2024-06-06 14:57:30.940278644+00:00,99930.25
TSLA,1,buy,173.78,2024-06-06 14:57:31.502835675+00:00,99951.21
AAPL,1,sell,195.9,2024-06-06 14:57:37.190419612+00:00,99937.25
AAPL,1,sell,195.9,2024-06-06 14:57:37.975564018+00:00,99944.2
TSLA,1,buy,173.83,2024-06-06 14:57:41.683827352+00:00,99945.94
TSLA,1,buy,173.83,2024-06-06 14:57:41.824060443+00:00,99950.66
AAPL,1,sell,195.81,2024-06-06 14:58:27.074525242+00:00,99970.66
AAPL,1,sell,195.8,2024-06-06 14:58:27.356387073+00:00,99971.72
TSLA,1,buy,173.78,2024-06-06 14:58:30.486903647+00:00,99965.4
TSLA,1,buy,173.73,2024-06-06 14:58:31.747419500+00:00,99961.82
AAPL,1,sell,195.78,2024-06-06 14:58:36.573567707+00:00,99951.16
AAPL,1,sell,195.78,2024-06-06 14:58:37.852369549+00:00,99951.22
TSLA,1,buy,173.75,2024-06-06 14:58:41.541336564+00:00,99951.14
TSLA,1,buy,173.75,2024-06-06 14:58:42.012075812+00:00,99947.58
AAPL,1,sell,195.75,2024-06-06 14:59:27.181671856+00:00,99989.93
AAPL,1,sell,195.75,2024-06-06 14:59:27.692672601+00:00,99981.37
TSLA,1,buy,173.8,2024-06-06 14:59:31.841178505+00:00,99983.13
TSLA,1,buy,173.8,2024-06-06 14:59:31.525180837+00:00,99976.01
AAPL,1,sell,195.75,2024-06-06 14:59:36.933592003+00:00,99986.72
AAPL,1,sell,195.76,2024-06-06 14:59:37.972051932+00:00,99992.05
TSLA,1,buy,173.84,2024-06-06 14:59:41.550736335+00:00,99995.62
TSLA,1,buy,173.84,2024-06-06 14:59:42.070292979+00:00,100019.45
AAPL,1,sell,195.69,2024-06-06 15:00:26.437626899+00:00,100019.27
AAPL,1,sell,195.69,2024-06-06 15:00:27.715888351+00:00,100020.79
TSLA,1,buy,173.82,2024-06-06 15:00:31.071121750+00:00,100026.27
TSLA,1,buy,173.81,2024-06-06 15:00:32.518640310+00:00,100029.89
AAPL,1,sell,195.66,2024-06-06 15:00:36.692852102+00:00,100021.89
AAPL,1,sell,195.66,2024-06-06 15:00:38.152696721+00:00,100022.57
TSLA,1,buy,173.82,2024-06-06 15:00:41.210696270+00:00,100037.14
TSLA,1,buy,173.84,2024-06-06 15:00:42.349778922+00:00,100029.68
AAPL,1,sell,195.67,2024-06-06 15:01:26.255139694+00:00,99966.15
AAPL,1,sell,195.67,2024-06-06 15:01:27.356869238+00:00,99969.22
TSLA,1,buy,173.7,2024-06-06 15:01:31.262513418+00:00,99978.92
TSLA,1,buy,173.7,2024-06-06 15:01:31.847983328+00:00,99992.06
AAPL,1,sell,195.64,2024-06-06 15:01:36.973114064+00:00,99997.16
AAPL,1,sell,195.64,2024-06-06 15:01:37.645019288+00:00,99997.24
TSLA,1,buy,173.72,2024-06-06 15:01:41.432362207+00:00,99982.43
TSLA,1,buy,173.73,2024-06-06 15:01:41.932279772+00:00,99984.27
AAPL,1,sell,195.66,2024-06-06 15:02:26.255284865+00:00,99961.58
AAPL,1,sell,195.65,2024-06-06 15:02:27.585537593+00:00,99963.23
TSLA,1,buy,173.66,2024-06-06 15:02:30.888377586+00:00,99956.58
TSLA,1,buy,173.66,2024-06-06 15:02:31.878150647+00:00,99928.87
AAPL,1,sell,195.68,2024-06-06 15:02:37.317910272+00:00,99954.71
AAPL,1,sell,195.68,2024-06-06 15:02:37.850886105+00:00,99954.71
TSLA,1,buy,173.66,2024-06-06 15:02:41.721503678+00:00,99960.58
TSLA,1,buy,173.66,2024-06-06 15:02:42.355489275+00:00,99968.06
AAPL,1,sell,195.71,2024-06-06 15:03:26.695828067+00:00,100017.9
AAPL,1,sell,195.71,2024-06-06 15:03:27.744741824+00:00,100004.03
TSLA,1,buy,173.83,2024-06-06 15:03:30.747715207+00:00,99987.38
TSLA,1,buy,173.78,2024-06-06 15:03:32.769913108+00:00,99986.18
AAPL,1,sell,195.68,2024-06-06 15:03:36.845135997+00:00,100031.04
AAPL,1,sell,195.68,2024-06-06 15:03:37.726849496+00:00,100031.04
TSLA,1,buy,173.84,2024-06-06 15:03:41.354286766+00:00,100023.53
TSLA,1,buy,173.85,2024-06-06 15:03:42.315494499+00:00,100023.53
AAPL,1,sell,195.74,2024-06-06 15:04:26.464625104+00:00,100010.34
AAPL,1,sell,195.74,2024-06-06 15:04:27.431995398+00:00,100006.88
TSLA,1,buy,173.87,2024-06-06 15:04:31.074732686+00:00,100004.64
TSLA,1,buy,173.87,2024-06-06 15:04:31.771087418+00:00,100012.2
AAPL,1,sell,195.77,2024-06-06 15:04:36.572570507+00:00,100004.68
AAPL,1,sell,195.77,2024-06-06 15:04:38.012671558+00:00,100019.82
TSLA,1,buy,173.87,2024-06-06 15:04:41.528949875+00:00,100018.41
TSLA,1,buy,173.87,2024-06-06 15:04:41.916095039+00:00,100014.12
AAPL,1,sell,195.67,2024-06-06 15:05:26.859896916+00:00,100080.14
AAPL,1,sell,195.67,2024-06-06 15:05:27.475587253+00:00,100088.22
TSLA,1,buy,173.99,2024-06-06 15:05:31.354194756+00:00,100114.93
TSLA,1,buy,174.0,2024-06-06 15:05:31.868557280+00:00,100122.57
AAPL,1,sell,195.67,2024-06-06 15:05:36.883032483+00:00,100202.78
AAPL,1,sell,195.67,2024-06-06 15:05:37.883556324+00:00,100202.78
TSLA,1,buy,174.29,2024-06-06 15:05:41.616797366+00:00,100197.0
TSLA,1,buy,174.29,2024-06-06 15:05:42.165175439+00:00,100198.96
AAPL,1,sell,195.7,2024-06-06 15:06:26.950160584+00:00,100204.68
AAPL,1,sell,195.7,2024-06-06 15:06:27.473826668+00:00,100204.77
TSLA,1,buy,174.39,2024-06-06 15:06:31.087109808+00:00,100221.84
TSLA,1,buy,174.45,2024-06-06 15:06:31.821691878+00:00,100213.58
AAPL,1,sell,195.69,2024-06-06 15:06:37.283220880+00:00,100233.41
AAPL,1,sell,195.69,2024-06-06 15:06:38.440694320+00:00,100233.4
TSLA,1,buy,174.41,2024-06-06 15:06:41.492790349+00:00,100245.58
TSLA,1,buy,174.41,2024-06-06 15:06:42.676270868+00:00,100240.54
AAPL,1,sell,195.68,2024-06-06 15:07:26.412353236+00:00,100207.08
AAPL,1,sell,195.68,2024-06-06 15:07:27.862839506+00:00,100202.24
TSLA,1,buy,174.34,2024-06-06 15:07:31.898012297+00:00,100205.88
TSLA,1,buy,174.34,2024-06-06 15:07:30.772075245+00:00,100210.01
AAPL,1,sell,195.7,2024-06-06 15:07:36.872521853+00:00,100211.3
AAPL,1,sell,195.7,2024-06-06 15:07:37.806428889+00:00,100230.69
TSLA,1,buy,174.37,2024-06-06 15:07:41.366805213+00:00,100217.73
TSLA,1,buy,174.37,2024-06-06 15:07:41.819675481+00:00,100213.85
AAPL,1,sell,195.69,2024-06-06 15:08:26.947629653+00:00,100274.6
AAPL,1,sell,195.69,2024-06-06 15:08:27.640782105+00:00,100262.84
TSLA,1,buy,174.49,2024-06-06 15:08:31.507648848+00:00,100339.61
TSLA,1,buy,174.49,2024-06-06 15:08:31.466579881+00:00,100325.74
AAPL,1,sell,195.65,2024-06-06 15:08:36.883230007+00:00,100335.42
AAPL,1,sell,195.65,2024-06-06 15:08:37.890609537+00:00,100329.55
TSLA,1,buy,174.61,2024-06-06 15:08:41.033907320+00:00,100294.08
TSLA,1,buy,174.59,2024-06-06 15:08:42.165136762+00:00,100290.12
AAPL,1,sell,195.73,2024-06-06 15:09:26.663306787+00:00,100184.46
AAPL,1,sell,195.73,2024-06-06 15:09:27.071124679+00:00,100183.19
TSLA,1,buy,174.32,2024-06-06 15:09:31.163346066+00:00,100181.16
TSLA,1,buy,174.32,2024-06-06 15:09:31.551048259+00:00,100179.17
AAPL,1,sell,195.74,2024-06-06 15:09:36.702339883+00:00,100185.14
AAPL,1,sell,195.74,2024-06-06 15:09:38.116399606+00:00,100191.22
TSLA,1,buy,174.32,2024-06-06 15:09:41.529816090+00:00,100199.14
TSLA,1,buy,174.3,2024-06-06 15:09:42.055275524+00:00,100207.14
AAPL,1,sell,195.71,2024-06-06 15:10:26.325157685+00:00,100231.12
AAPL,1,sell,195.72,2024-06-06 15:10:27.392483381+00:00,100235.14
TSLA,1,buy,174.42,2024-06-06 15:10:30.693037033+00:00,100253.21
TSLA,1,buy,174.42,2024-06-06 15:10:31.865804232+00:00,100244.37
AAPL,1,sell,195.72,2024-06-06 15:10:36.641102902+00:00,100226.36
AAPL,1,sell,195.71,2024-06-06 15:10:37.850619378+00:00,100241.07
TSLA,1,buy,174.44,2024-06-06 15:10:41.305703850+00:00,100243.09
TSLA,1,buy,174.48,2024-06-06 15:10:42.104778054+00:00,100241.07
AAPL,1,sell,195.67,2024-06-06 15:11:26.596272487+00:00,100261.24
AAPL,1,sell,195.66,2024-06-06 15:11:27.191877546+00:00,100257.24
TSLA,1,buy,174.43,2024-06-06 15:11:30.575918862+00:00,100258.8
TSLA,1,buy,174.45,2024-06-06 15:11:31.726972292+00:00,100263.27
AAPL,1,sell,195.66,2024-06-06 15:11:36.820501010+00:00,100259.2
AAPL,1,sell,195.66,2024-06-06 15:11:37.477632235+00:00,100260.38
TSLA,1,buy,174.45,2024-06-06 15:11:40.884919030+00:00,100289.33
TSLA,1,buy,174.45,2024-06-06 15:11:42.242627676+00:00,100281.58
AAPL,1,sell,195.61,2024-06-06 15:12:27.118518355+00:00,100322.41
AAPL,1,sell,195.61,2024-06-06 15:12:27.550695295+00:00,100326.47
TSLA,1,buy,174.55,2024-06-06 15:12:31.273125988+00:00,100341.17
TSLA,1,buy,174.55,2024-06-06 15:12:31.595391596+00:00,100337.4
AAPL,1,sell,195.6,2024-06-06 15:12:37.007513732+00:00,100312.06
AAPL,1,sell,195.59,2024-06-06 15:12:38.100479196+00:00,100310.01
TSLA,1,buy,174.49,2024-06-06 15:12:41.504523781+00:00,100327.28
TSLA,1,buy,174.49,2024-06-06 15:12:42.090515081+00:00,100331.65
AAPL,1,sell,195.65,2024-06-06 15:13:27.406360900+00:00,100297.58
AAPL,1,sell,195.65,2024-06-06 15:13:26.341090794+00:00,100283.12
TSLA,1,buy,174.52,2024-06-06 15:13:29.093858483+00:00,100272.14
TSLA,1,buy,174.49,2024-06-06 15:13:30.740831260+00:00,100293.46
AAPL,1,sell,195.67,2024-06-06 15:13:36.653313161+00:00,100270.67
AAPL,1,sell,195.67,2024-06-06 15:13:38.223520993+00:00,100272.74
TSLA,1,buy,174.48,2024-06-06 15:13:41.356570916+00:00,100255.74
TSLA,1,buy,174.44,2024-06-06 15:13:42.619323349+00:00,100249.5
AAPL,1,sell,195.77,2024-06-06 15:14:26.182902829+00:00,100191.62
AAPL,1,sell,195.77,2024-06-06 15:14:27.252636946+00:00,100191.64
TSLA,1,buy,174.37,2024-06-06 15:14:30.774997072+00:00,100205.01
TSLA,1,buy,174.36,2024-06-06 15:14:32.058558443+00:00,100198.74
AAPL,1,sell,195.78,2024-06-06 15:14:36.564949892+00:00,100202.06
AAPL,1,sell,195.76,2024-06-06 15:14:37.634438928+00:00,100210.42
TSLA,1,buy,174.44,2024-06-06 15:14:41.690352258+00:00,100206.22
TSLA,1,buy,174.44,2024-06-06 15:14:41.102778569+00:00,100214.58
AAPL,1,sell,195.83,2024-06-06 15:15:26.826712419+00:00,100193.59
AAPL,1,sell,195.83,2024-06-06 15:15:27.660910032+00:00,100183.08
TSLA,1,buy,174.45,2024-06-06 15:15:30.778666556+00:00,100218.87
TSLA,1,buy,174.47,2024-06-06 15:15:31.953437895+00:00,100210.39
AAPL,1,sell,195.87,2024-06-06 15:15:36.928433361+00:00,100201.54
AAPL,1,sell,195.86,2024-06-06 15:15:38.213747263+00:00,100138.62
TSLA,1,buy,174.37,2024-06-06 15:15:41.346570646+00:00,100153.38
TSLA,1,buy,174.41,2024-06-06 15:15:42.476658508+00:00,100164.02
AAPL,1,sell,195.86,2024-06-06 15:16:26.635782567+00:00,100214.84
AAPL,1,sell,195.86,2024-06-06 15:16:27.517684066+00:00,100204.26
TSLA,1,buy,174.49,2024-06-06 15:16:31.100682379+00:00,100190.44
TSLA,1,buy,174.5,2024-06-06 15:16:31.672690839+00:00,100191.33
AAPL,1,sell,195.87,2024-06-06 15:16:36.902608688+00:00,100199.97
AAPL,1,sell,195.87,2024-06-06 15:16:37.862507591+00:00,100193.58
TSLA,1,buy,174.49,2024-06-06 15:16:41.076766990+00:00,100187.12
TSLA,1,buy,174.49,2024-06-06 15:16:42.442048275+00:00,100186.09
AAPL,1,sell,195.79,2024-06-06 15:17:26.581007416+00:00,100185.65
AAPL,1,sell,195.79,2024-06-06 15:17:27.231803151+00:00,100179.23
TSLA,1,buy,174.38,2024-06-06 15:17:30.841728301+00:00,100210.73
TSLA,1,buy,174.37,2024-06-06 15:17:31.972937053+00:00,100210.77
AAPL,1,sell,195.83,2024-06-06 15:17:36.851164256+00:00,100178.79
AAPL,1,sell,195.82,2024-06-06 15:17:38.156834226+00:00,100172.05
